4914 6454
487 938 534 1007 14

489 1134 713 1228 βεβηκέναι,
752 1122 831 1202 ἀλλ’
858 1125 917 1200 ὅτι
941 1121 996 1223 μὴ
1023 1128 1088 1202 καὶ
1112 1119 1197 1200 τότε
1223 1117 1465 1201 ὑπατεύοντα
1491 1119 1561 1198 τὸν
1587 1121 1816 1223 Αὔγουστον
1844 1127 1969 1220 ἴσχον,
1999 1127 2086 1200 dax·

488 1243 632 1338 τάτορα
673 1239 796 1320 αὐτὸν
831 1237 1029 1340 ἠθέλησαν
1069 1235 1408 1337 προχειρίσασθαο’,
1447 1242 1540 1316 haee
1582 1264 1669 1316 cum
1711 1241 1875 1317 secunde
1912 1245 2086 1341 carmine,

493 1389 568 1464 quo
594 1362 736 1438 Caesar
761 1369 805 1435 ut
829 1363 975 1436 ruentis
1000 1363 1149 1458 imperii
1173 1358 1287 1434 rebus
1312 1365 1551 1434 succurreret
1575 1364 1614 1432 et
1632 1359 1788 1433 deorum
1809 1358 1968 1434 rubente
1989 1360 2086 1436 dex-

489 1489 570 1554 tere
598 1503 726 1554 sacres
751 1503 858 1552 arces
885 1479 1126 1552 iaculantium
1153 1481 1247 1551 iram
1273 1477 1438 1576 placaret
1462 1482 1633 1576 regatur,
1662 1474 1756 1552 adeo
1781 1481 2012 1576 conspirant,
2041 1487 2086 1554 ut

490 1603 685 1675 exstitisse
723 1603 811 1695 pest
841 1597 1081 1672 Messeniam
1115 1599 1282 1694 mireris,
1316 1599 1381 1694 qui
1414 1599 1468 1669 rei
1500 1595 1707 1694 patefactae
1740 1597 1879 1669 iterum
1910 1596 2085 1674 nebulam

495 1715 739 1794 offunderent.
798 1713 896 1788 Rem
927 1718 980 1789 itu
1015 1715 1082 1788 tibi
1112 1713 1293 1812 probasse
1327 1713 1417 1788 mihi
1444 1712 1592 1811 videor,
1627 1718 1670 1785 ut
1694 1711 1784 1786 nihil
1810 1711 1908 1810 quod
1934 1714 2087 1790 accedat

488 1834 701 1932 argumenti
727 1829 940 1905 desiderare
964 1838 1003 1905 te
1024 1837 1164 1930 putem.
1213 1829 1356 1904 Tamen
1383 1829 1453 1904 hoc
1479 1852 1628 1927 queque
1653 1827 1766 1926 adde,
1794 1829 1996 1905 Caesarem
2022 1833 2084 1908 illo

493 1961 682 2048 tempore,
712 1972 786 2046 quo
819 1948 960 2023 bellum
985 1949 1204 2024 Parthicum
1238 1953 1313 2022 iam
1348 1948 1590 2045 moliebatur,
1622 1949 1817 2044 aptissime
1843 1947 1890 2022 eb
1916 1948 2085 2049 Horatio,

494 2069 699 2142 aulicorum
727 2067 966 2149 consiliorum
991 2071 1193 2168 interprete
1217 2065 1529 2165 prudentissime,
1560 2087 1607 2137 ne
1632 2063 1768 2138 Medos
1795 2067 1961 2162 equitare
1985 2065 2085 2140 inul-

487 2194 548 2261 tos
587 2189 728 2260 sineret
758 2182 958 2259 admoneri.
1017 2187 1076 2260 Ne
1109 2185 1201 2259 illud
1237 2184 1388 2283 quidem
1422 2183 1512 2256 nihil
1545 2181 1720 2281 ponderis
1749 2181 1887 2256 babere
1912 2181 2084 2283 dixerim,

489 2301 589 2402 quod
622 2303 804 2377 Horatius
840 2305 965 2377 minus
1000 2311 1151 2403 gratum
1187 2310 1343 2402 patrono
1376 2327 1445 2377 sue
1477 2300 1631 2376 Caesari
1661 2299 1830 2398 fecisset,
1866 2303 1895 2376 si
1929 2305 1966 2374 in
2002 2303 2082 2402 syl-

487 2421 573 2520 loge
607 2422 812 2493 carminum
851 2419 994 2494 edenda
1026 2427 1105 2494 tem
1138 2423 1275 2518 insigni
1307 2421 1387 2495 loce
1423 2423 1524 2516 sive,
1566 2425 1611 2493 ut
1643 2417 1794 2492 Pindari
1827 2419 1953 2494 verbis
1987 2425 2083 2518 uter,

492 2541 535 2611 ἐν
574 2534 763 2635 :rpuouinq
800 2547 976 2638 κολωνοὶ
1013 2545 1127 2613 vetus
1161 2536 1309 2636 aliquod
1341 2544 1453 2636 atque
1487 2537 1628 2611 dudum
1660 2534 1894 2636 divulgatum
1925 2561 2085 2637 carmen,

489 2682 561 2733 non
587 2680 729 2731 novum
755 2660 1019 2756 praesentique
1043 2680 1170 2730 rerum
1198 2658 1315 2730 statui
1340 2654 1666 2729 adcommodatum
1692 2657 1890 2752 posuisset

615 2773 725 2866 Quod
746 2774 945 2880 Horatium
973 2775 1179 2849 aulicorum
1205 2773 1443 2849 consiliorum
1470 2776 1724 2869 interpretem,
1750 2775 1815 2869 qui
1831 2796 1927 2870 quae
1943 2773 2083 2848 Caesar

488 2893 721 2968 Octavianus
741 2891 944 2991 Augustus
959 2892 1007 2966 ad
1024 2892 1173 2991 publica
1190 2891 1384 2967 commode
1404 2889 1657 2988 promovende
1677 2895 1827 2988 rogarat
1843 2897 1955 2989 atque
1972 2895 2083 2967 insti-

486 3015 625 3107 tuerat,
648 3013 855 3084 carminum
877 3010 1065 3085 blanditiis
1083 3012 1221 3110 popule
1240 3007 1528 3104 commendaret,
1555 3030 1671 3104 supra
1691 3005 1868 3105 diximus,
1876 3007 1904 3104 ¹)
1931 3009 2001 3084 hoc
2023 3013 2084 3084 in-

489 3131 621 3226 primis
649 3127 696 3201 ad
723 3151 792 3201 sex
817 3132 942 3228 priora
967 3133 1132 3203 carmina
1154 3131 1255 3201 tertii
1280 3127 1363 3202 libri
1389 3129 1577 3226 pertinere
1601 3123 1745 3223 pridem
1766 3125 1995 3200 intellectum
2018 3135 2084 3204 est

561 3352 586 3419 1)
608 3351 700 3406 Juvat
719 3348 855 3406 hocloco
875 3366 939 3406 cum
958 3351 1071 3406 Horatii
1091 3350 1192 3406 verbis
1211 3347 1344 3406 conferre
1363 3349 1490 3420 Augusti
1515 3349 1605 3419 ipsius
1625 3349 1717 3405 verba
1734 3349 1763 3402 in
1782 3355 1963 3407 monumento
1983 3353 2080 3422 Ancy-

484 3455 556 3494 rano
575 3437 720 3496 exhibita:
1733 3438 1735 3446 ’

485 3530 559 3584 lton.
580 3528 650 3583 Ano.
1298 3526 1436 3582 Horatius

487 3617 516 3672 Il
543 3616 594 3670 12:
633 3615 762 3687 Legibus
790 3618 884 3686 novi[s
915 3617 983 3672 latis
1010 3617 1099 3672 multa
1129 3616 1270 3672 revocavi
1297 3614 1349 3672 0d.
1364 3615 1406 3671 IV
1423 3615 1525 3686 15,12;
1549 3615 1587 3672 Et
1602 3621 1718 3671 veteres
1729 3617 1885 3672 revocavit
1899 3621 1986 3672 artes.
2004 3615 2080 3672 conl.

522 3704 664 3773 elxempla
683 3706 822 3760 maiorum
841 3704 1042 3762 exolescentia.
1334 3703 1362 3758 ll
1383 3703 1425 3773 15,
1446 3702 1488 3759 10.
1524 3703 1614 3774 1116,
1634 3703 1676 3759 33.

488 3794 517 3848 Il
537 3793 586 3847 15:
606 3792 672 3862 [Pro
692 3793 783 3847 salute
801 3807 865 3847 mea
883 3791 983 3862 quinte
999 3807 1115 3864 quoque
1129 3808 1204 3848 auno
1217 3807 1270 3862 per
1297 3789 1349 3847 Od.
1370 3792 1382 3846 1
1402 3792 1434 3861 2,
1460 3791 1511 3846 45:
1541 3792 1628 3850 Serus
1653 3794 1683 3848 in
1708 3791 1817 3847 eaelum
1844 3793 1948 3851 redeas
1972 3792 2080 3864 diuque

522 3879 663 3948 eonslules
677 3885 708 3934 et
722 3879 890 3936 secerdotes
907 3882 947 3951 [ut
961 3887 1032 3936 vota
1047 3881 1268 3950 susciperentur,
1333 3881 1441 3936 Laetus
1466 3881 1582 3936 intersis
1607 3880 1717 3952 populo
1742 3881 1862 3947 Quirini.
1901 3880 1974 3936 conl.
1996 3883 2037 3938 lv
2052 3885 2079 3953 5,

521 3973 636 4026 senatus
655 3967 797 4025 decrevit.
1331 3968 1444 4023 31-40.

487 4057 583 4112 1142:
604 4057 728 4127 [lanum]
749 4057 917 4128 Quirinum,
937 4075 1020 4128 quem
1034 4058 1186 4129 clalussum
1205 4073 1270 4114 esse
1296 4058 1387 4128 Epist.
1406 4057 1436 4112 11
1457 4055 1481 4126 1,
1500 4055 1550 4112 53:
1579 4056 1707 4128 'reisque
1726 4057 1874 4128 Auspiciis
1897 4065 1988 4116 totum
2012 4055 2098 4119 oon·'

523 4147 658 4216 [maiores
684 4146 775 4200 nostri
800 4145 968 4216 voluerunt,
998 4161 1061 4202 oum
1087 4146 1151 4216 p]er
1177 4149 1268 4201 totum
1331 4145 1409 4202 fecta
1428 4145 1526 4201 duella
1544 4161 1596 4216 per
1622 4143 1741 4216 orbem,
1769 4145 1960 4218 claustraque
1984 4155 2078 4206 custo·

521 4235 682 4307 ilmpsrium
717 4231 826 4304 po]puli
860 4233 993 4305 Romami
1028 4239 1108 4290 terra
1138 4234 1269 4305 marique
1332 4234 1398 4291 dam
1421 4233 1501 4303 pacis
1528 4232 1695 4288 cohibentia
1719 4233 1832 4290 Jenum.
1864 4235 1940 4292 conf.
1965 4236 2017 4294 Od.
2038 4239 2079 4295 IV

521 4325 635 4395 elsse[t,
654 4323 721 4393 ne]e
741 4321 840 4391 dumis
858 4323 952 4392 parta]
970 4337 1028 4393 pax
1054 4363 1087 4378 ..
1107 4361 1114 4374 .
1134 4363 1140 4376 .
1160 4328 1205 4378 ter
1224 4337 1268 4378 me
1332 4323 1375 4392 15,
1394 4322 1419 4376 9.

521 4412 664 4482 priluoipe
683 4409 880 4481 claudendum
901 4426 965 4468 esse
983 4411 1144 4481 clenlsnlt]

485 4501 527 4555 lV
548 4500 594 4554 17:
624 4500 689 4554 Duo
709 4505 738 4558 et
756 4500 907 4571 octoginta
925 4499 1034 4568 templa
1053 4499 1137 4556 deum
1155 4500 1270 4559 inorbo
1296 4498 1349 4556 Od.
1374 4499 1420 4554 111
1445 4500 1478 4570 6,
1507 4497 1590 4553 1-4:
1618 4497 1734 4553 Delicta
1758 4498 1897 4553 maiorum
1921 4498 2079 4555 immeritus

522 4587 619 4643 consul
640 4589 762 4657 sex[tum
782 4603 819 4646 ax
837 4587 1024 4658 auctoritate]
1040 4593 1154 4644 senatus
1170 4589 1270 4646 refeci.
1332 4587 1405 4658 lues,
1424 4588 1563 4658 Romane,
1583 4586 1675 4643 donec
1692 4587 1799 4656 templa
1813 4585 1954 4643 refeceris
1967 4587 2078 4645 Aedes·

521 4673 597 4731 conf.
615 4676 657 4732 IV
675 4678 717 4733 37.
1333 4692 1388 4747 qne
1412 4675 1542 4733 labentes
1567 4675 1687 4732 deorum
1714 4678 1745 4730 et
1761 4673 1860 4730 Foeda
1883 4675 1969 4746 nigro
1994 4677 2078 4731 sima·

1331 4762 1412 4819 lacre
1429 4762 1517 4819 sumo.
1545 4761 1620 4818 conf.
1640 4760 1693 4819 ed.
1712 4762 1741 4817 11
1762 4761 1804 4834 15,
1823 4762 1866 4824 20.

487 4853 513 4908 l'
531 4852 561 4906 I:
589 4853 670 4908 Mare
688 4853 795 4922 pacavi
814 4868 833 4908 a
851 4852 1060 4923 praedonibus.
1296 4851 1349 4909 0d.
1377 4853 1418 4909 IV
1444 4852 1477 4922 5,
1512 4850 1560 4906 19;
1597 4850 1737 4906 Pacatum
1771 4850 1895 4906 volitant
1919 4869 1971 4921 per
1998 4869 2078 4910 mars

1331 4942 1459 4998 navitae.

484 5029 512 5084 V
536 5027 583 5084 40:
612 5027 737 5082 Parthos
764 5029 851 5084 trium
874 5031 1053 5087 exercituum
1076 5030 1269 5086 Romanorum
1296 5029 1421 5099 Epistl
1449 5029 1498 5100 18,
1524 5027 1574 5082 56:
1604 5027 1664 5084 Sub
1691 5027 1778 5099 duee,
1806 5029 1857 5099 qui
1874 5029 1988 5099 templis
2007 5030 2078 5086 Par·

522 5115 615 5186 spolia
640 5121 669 5173 et
693 5115 778 5187 signa
800 5117 941 5188 re[ddere]
970 5119 1039 5175 mibi
1067 5119 1269 5191 supplicesque
1331 5117 1446 5174 thorum
1470 5118 1555 5188 signa
1580 5117 1677 5189 refigit
1703 5117 1784 5174 Nunc
1806 5123 1837 5174 et
1860 5118 1884 5174 si
1908 5118 1978 5190 quid
1995 5117 2079 5175 abest

520 5205 674 5260 amicitiam
700 5205 801 5275 populi
826 5205 949 5263 Romani
978 5214 1078 5278 petere
1107 5207 1207 5279 coegi,
1236 5222 1271 5263 ee
1333 5204 1416 5260 Italis
1435 5205 1583 5262 adiudicat
1600 5206 1695 5262 armis.
1733 5205 1807 5262 cous.
1828 5206 1922 5277 Epist.
1941 5208 1954 5262 1
1975 5207 2017 5279 12,
2036 5207 2081 5262 27.

521 5299 617 5350 antem
636 5292 721 5365 sigua
739 5294 768 5348 in
786 5295 929 5364 penetrali
948 5297 1027 5367 quod
1051 5302 1096 5352 ast
1117 5295 1270 5366 intemplo
1333 5293 1362 5348 ll
1383 5296 1407 5364 1,
1426 5293 1487 5350 256.

521 5383 621 5438 llartis
640 5382 749 5441 Ultoris
768 5384 893 5452 reposui.
922 5384 996 5439 conf.
1016 5385 1042 5440 V
1061 5385 1102 5440 54.
