4914 6454
1920 864 1966 938 17

373 1061 445 1136 bus
466 1065 506 1134 te
525 1083 726 1141 moremur.
766 1059 911 1134 Maiore
936 1062 1019 1134 iure
1034 1057 1226 1156 ambigas,
1250 1063 1381 1133 utrum
1404 1059 1489 1134 libri
1514 1061 1626 1158 primi
1646 1084 1797 1136 carmen
1821 1063 1967 1163 vigesi-

373 1203 479 1254 mum
506 1201 593 1252 cum
619 1178 827 1254 Kirchnero
852 1175 1026 1274 (Quaest.
1052 1175 1183 1254 Horat.
1208 1199 1243 1274 p.
1269 1174 1311 1273 a)
1339 1182 1377 1249 et
1401 1175 1627 1252 Grotefendo
1653 1175 1968 1276 OErsch-Gruber

372 1297 526 1398 Encycl
553 1297 591 1372 11
618 1299 666 1372 10
690 1321 726 1396 p.
749 1295 843 1394 473)
868 1318 965 1369 anno
991 1294 1129 1390 734J20
1155 1296 1340 1394 scriptum
1366 1318 1452 1371 esse
1477 1317 1644 1395 censeas,
1668 1321 1715 1370 an
1738 1321 1826 1372 cum
1841 1295 1966 1372 Fran-

372 1416 434 1490 kio
459 1413 508 1489 ad
532 1438 673 1489 annum
699 1413 836 1508 730124
862 1415 1018 1488 reiicias.
1067 1411 1241 1509 Namque
1261 1412 1345 1485 libri
1366 1414 1469 1485 tertii
1485 1435 1635 1486 carmen
1654 1419 1842 1513 octavum,
1868 1413 1968 1491 unde

372 1535 486 1608 huius
520 1554 670 1630 quoque
704 1531 879 1606 carminis
912 1530 1093 1628 temporis
1130 1527 1293 1604 definitio
1327 1528 1485 1628 pendet,
1519 1529 1606 1603 licet
1631 1534 1840 1607 certissima
1865 1539 1967 1607 tem-

373 1653 473 1750 poris
490 1655 714 1749 argumenta
727 1654 841 1747 atque
861 1646 995 1722 indicia
1013 1647 1052 1721 id
1073 1649 1261 1721 continere
1278 1646 1521 1722 Ecksteinius
1529 1645 1558 1745 ¹)
1577 1647 1725 1748 dixerit,
1749 1651 1810 1724 alii
1829 1677 1860 1725 a.
1882 1652 1967 1752 734,

372 1769 434 1844 alii
459 1794 490 1843 a.
517 1771 603 1867 729,
626 1767 689 1841 alii
710 1766 869 1866 denique
894 1791 925 1840 a.
952 1766 1025 1840 725
1053 1773 1253 1839 exaratum
1279 1789 1364 1840 esse
1389 1768 1442 1840 ita
1468 1771 1692 1866 statuerunt,
1719 1774 1764 1842 ut
1791 1791 1840 1842 ex
1865 1777 1965 1844 tem-

374 1911 508 1987 porum
533 1885 678 1960 indiciis
705 1910 768 1964 vv.
796 1886 944 1960 16-24
969 1887 1171 1982 propositis

819 2069 918 2136 Mitto
941 2067 1049 2136 ciariis
1070 2088 1170 2152 caper
1192 2067 1271 2136 arbe
1294 2087 1412 2138 caras:

821 2176 950 2244 Occidit
972 2176 1063 2242 Daci
1086 2173 1247 2242 Cataonia
1268 2194 1396 2262 apaan,

720 2287 725 2302 “
820 2281 941 2350 Medus
962 2281 1093 2368 infectis
1115 2281 1179 2349 sibi
1200 2280 1359 2350 lactuosis

980 2387 1129 2456 Dissidet
1151 2392 1272 2473 armrb;

820 2493 928 2563 caat
950 2495 1126 2580 Hispanae
1147 2499 1240 2564 actas
1261 2495 1362 2562 tosta
1384 2513 1462 2563 orae

820 2601 985 2670 Cantaber
1006 2623 1082 2670 acra
1104 2603 1246 2670 domam
1268 2607 1397 2687 catena,

820 2708 900 2777 Jam
921 2708 1059 2794 Scptbae
1082 2709 1158 2777 laco
1180 2709 1385 2778 meditantur
1406 2729 1490 2777 arca

981 2814 1100 2885 Cadere
1122 2819 1249 2900 campis

371 2995 471 3072 aliud
497 2996 594 3070 alius
620 2999 811 3094 arriperet
863 2992 938 3070 Sed
965 2997 997 3070 si
1029 2983 1120 3067 cum
1138 2993 1301 3069 Frankio
1327 3019 1363 3094 p.
1392 2997 1589 3072 los-162
1616 3021 1766 3072 carmen
1791 3006 1967 3077 octavum

370 3115 455 3190 libri
478 3117 580 3188 tertii
606 3121 644 3188 et
669 3115 862 3212 proximo,
893 3137 967 3211 quo
991 3111 1173 3186 Horatius
1200 3111 1343 3188 arboris
1370 3115 1447 3188 ictu
1472 3138 1592 3214 paene
1616 3117 1865 3217 interemptus
1895 3127 1965 3220 est,

370 3257 467 3308 anno
493 3239 532 3306 et
558 3230 710 3328 eodem,
748 3253 822 3328 quo
849 3228 932 3303 libri
958 3233 1059 3302 tertii
1085 3253 1236 3304 carmen
1261 3229 1610 3331 undetricesimum,
1644 3233 1857 3336 temporel)
1883 3240 1966 3312 sive

371 3377 467 3428 anno
499 3376 536 3431 u.
570 3373 599 3424 c.
635 3365 854 3424 Dccxxvlffl
889 3351 1140 3446 compositum
1175 3373 1261 3424 esse
1298 3349 1528 3450 iudicamus,
1562 3375 1713 3424 carmen
1738 3355 1967 3452 vigesimum
2086 3389 2093 3414 ·

370 3471 454 3545 libri
479 3472 590 3568 primi
616 3468 730 3567 priori
755 3489 869 3561 quam
895 3489 991 3540 anno
1018 3465 1152 3564 tessal
1180 3465 1378 3566 adsignare
1403 3493 1476 3543 non
1511 3492 1734 3568 possumus,
1768 3475 1841 3548 nisi
1869 3473 1967 3550 forte

370 3587 571 3663 Horatium
604 3584 698 3659 adeo
734 3585 834 3656 omni
866 3583 1094 3657 verecundia
1128 3591 1166 3658 et
1199 3607 1317 3659 sensu
1343 3585 1466 3661 decori
1491 3590 1658 3662 caruisse
1685 3591 1889 3690 sentimus,
1922 3599 1967 3667 ut

372 3732 442 3782 suo
470 3705 683 3780 Maecenati
718 3725 792 3775 non
825 3700 936 3776 modo
970 3701 1064 3800 vile,
1101 3701 1307 3777 sedetiam
1330 3703 1521 3778 insalubre
1544 3704 1706 3778 necdum
1730 3705 1967 3783 defoecatum

369 3821 545 3922 vinum³)
571 3841 758 3920 apponere
781 3842 854 3893 non
879 3817 1074 3894 dubitaret
1115 3821 1260 3895 Verum
1279 3821 1374 3895 hanc
1395 3827 1609 3921 temporum
1630 3825 1824 3922 rationem,
1849 3849 1964 3923 quam

370 3949 522 4043 nostrae
546 3941 754 4015 sententiae
779 3962 894 4036 quom
919 3941 1086 4012 maxime
1111 3939 1239 4012 favere
1264 3945 1386 4039 patet,
1417 3964 1492 4038 quo
1522 3943 1648 4014 minus
1681 3940 1964 4043 amplectamur,

368 4061 464 4136 Daoi
487 4059 675 4136 Cotisonis
709 4056 825 4132 cladis
850 4061 1202 4133 commemoratione
1226 4059 1262 4154 (l
1288 4061 1353 4159 20,
1388 4062 1454 4160 17)
1484 4061 1745 4160 prohibemur,
1777 4063 1964 4161 siquidem

369 4181 457 4257 belli
489 4202 576 4253 cum
601 4177 716 4251 Dacis
749 4201 771 4250 a
795 4175 976 4251 Romanis
1010 4201 1107 4251 anno
1141 4177 1277 4276 729l25
1306 4182 1404 4277 gesti
1442 4185 1635 4256 auctorem
1664 4178 1849 4256 habemus
1875 4181 1965 4256 nul-

369 4299 460 4374 lum.
508 4293 654 4387 Quodsi
679 4317 767 4367 oum
790 4289 967 4369 Schiitaio
998 4317 1042 4370 eo
1060 4296 1293 4394 inclinamus,
1318 4303 1363 4370 ut
1383 4296 1467 4370 libri
1493 4300 1594 4370 tertii
1618 4319 1767 4370 carmen
1788 4301 1965 4372 octavum

370 4441 403 4491 a.
430 4411 566 4512 725s29
595 4417 793 4486 exaratum
820 4435 906 4488 esse
930 4409 1158 4514 iudicemus,
1191 4415 1282 4488 nihil
1313 4417 1388 4488 iam
1422 4438 1558 4490 causae
1589 4421 1665 4514 est,
1697 4439 1765 4489 cur
1794 4415 1885 4514 hoc,
1918 4414 1965 4490 de

371 4556 446 4632 quo
479 4531 648 4626 agimus,
680 4551 829 4602 carmen
862 4555 895 4609 a.
927 4531 1001 4606 724
1031 4530 1094 4604 vel
1118 4532 1191 4606 723
1218 4534 1401 4630 scriptum
1427 4555 1513 4608 esse
1536 4533 1675 4606 infitias
1699 4555 1840 4608 eamus.
1889 4532 1967 4612 Sed

369 4655 449 4726 tota
478 4648 549 4722 hac
575 4649 793 4744 quaestione
818 4649 970 4746 spinosa
996 4648 1245 4748 supersedere
1268 4653 1545 4750 potuissemus,
1578 4653 1724 4726 sicum
1749 4649 1965 4728 Peerlcam-

475 4941 502 5012 1)
521 4938 644 5002 scholae
661 4940 839 4998 Horatiaaae
855 4960 885 5014 p.
901 4941 928 4998 2.

472 5047 501 5118 2)
519 5045 583 5102 Hoc
595 5045 739 5104 Frankias
748 5064 776 5121 p.
788 5047 840 5102 161
849 5061 886 5106 ox
895 5045 1091 5118 similitudine,
1110 5061 1186 5120 quaa
1203 5046 1280 5105 inter
1293 5045 1344 5104 od.
1359 5045 1404 5103 111
1417 5045 1445 5118 8,
1461 5046 1495 5103 19
1507 5045 1609 5104 arcta
1625 5047 1748 5120 icasmos
1760 5047 1818 5105 cabi
1829 5048 1964 5105 lactuosis

367 5135 497 5194 chcidct
515 5135 604 5191 anaia
621 5140 651 5191 ct
668 5135 719 5193 Od
737 5135 854 5208 11129,
875 5135 910 5192 27
932 5134 1008 5207 Quid
1027 5134 1108 5193 saa
1134 5141 1161 5194 ct
1182 5141 1301 5210 coenata
1320 5135 1393 5211 cao
1414 5136 1525 5195 Bactra
1545 5141 1651 5210 parcat
1676 5137 1835 5210 Tanaisque
1856 5137 1964 5194 diacon

367 5223 561 5299 colligandum
580 5237 645 5280 cass
663 5221 790 5294 putavit

473 5330 501 5400 3)
520 5327 583 5386 Hac
601 5327 638 5386 da
655 5342 689 5384 rc
707 5325 841 5384 conferas
859 5329 915 5386 Ad
936 5327 1108 5403 Kiesslingii
1126 5329 1265 5402 libellum,
1283 5329 1506 5389 Horatianiscbc
1523 5330 1740 5405 Kleinigkeitan
1758 5349 1785 5404 p.
1804 5332 1830 5386 6.

1732 5419 1753 5483 3
