4914 6454
1868 960 1914 1032 13

439 1157 545 1232 Libri
567 1160 679 1255 primi
703 1157 877 1232 carminis
909 1156 1011 1230 tertii
1042 1159 1213 1252 tempore
1249 1152 1412 1227 stabilito
1444 1153 1590 1230 facilius
1624 1160 1795 1254 tempora
1828 1179 1914 1230 car-

314 1281 458 1351 minum
492 1274 576 1348 libri
608 1277 718 1373 primi
749 1272 920 1372 secundi,
952 1271 1037 1346 libri
1067 1268 1221 1346 secundi
1246 1273 1351 1366 noni,
1384 1269 1469 1345 libri
1492 1275 1594 1346 tertii
1619 1276 1739 1370 quinti
1765 1273 1911 1346 deliniri

314 1401 498 1496 poterunt
556 1392 685 1490 Atque
725 1390 889 1467 secundo
928 1391 1090 1464 carmine
1131 1393 1304 1487 portenta
1343 1393 1381 1460 et
1419 1385 1566 1462 'liberis
1604 1387 1788 1502 diluvium
1827 1397 1915 1488 post

315 1515 480 1588 occisum
506 1511 547 1586 C.
572 1509 775 1585 Caesarem
805 1508 905 1582 facta
935 1506 982 1580 ab
1009 1506 1164 1580 Horatio
1200 1509 1312 1604 poete
1343 1506 1544 1604 significari
1578 1506 1779 1582 scholiasta
1805 1513 1914 1582 uter-

315 1652 389 1729 que
422 1632 602 1727 opinatur.
662 1628 716 1702 Ab
747 1626 818 1700 hoc
856 1624 944 1697 ferri
976 1647 1050 1698 non
1086 1645 1200 1720 posse
1236 1623 1312 1694 iam
1348 1621 1435 1695 inde
1473 1628 1597 1722 patet,
1637 1624 1737 1722 quod
1773 1626 1914 1702 Caesar

316 1747 546 1824 Octavianus
570 1745 632 1820 illo
657 1752 829 1842 tempore
853 1765 976 1841 neque
1001 1739 1127 1815 Medis
1154 1744 1237 1815 sive
1262 1739 1415 1814 Parthis
1450 1739 1591 1814 bellum
1617 1742 1799 1817 inferendi
1822 1767 1913 1818 oon-

316 1865 440 1940 silium
456 1869 616 1962 'ceperat
639 1885 761 1959 neque
784 1861 985 1936 honorifico
1008 1863 1157 1934 nomine
1183 1861 1372 1957 principis,
1396 1861 1435 1931 in
1459 1881 1575 1934 versu
1603 1863 1913 1960 quinquagesimo

764 2015 832 2083 Hic
854 2035 942 2083 αωω
965 2014 1033 2082 dici
1052 2019 1151 2098 poter
1174 2018 1271 2097 atque
1289 2015 1448 2098 princepe

313 2163 442 2257 aperte
478 2156 659 2256 indicato,
695 2165 850 2234 ornatus
890 2165 978 2232 erat
1029 2155 1187 2232 Accedit
1221 2154 1320 2253 quod
1355 2155 1402 2228 ab
1438 2154 1684 2253 scriptoribus
1724 2159 1913 2232 annalium

313 2273 404 2348 nihil
441 2274 487 2348 de
522 2273 764 2350 inundatione
802 2275 948 2350 Tiberis
986 2275 1092 2348 fluvii
1132 2280 1220 2373 post
1259 2273 1462 2349 Caesarem
1508 2276 1777 2371 interemptum
1813 2275 1913 2349 fecte

313 2394 517 2464 memoriae
542 2390 733 2490 proditum
759 2399 837 2488 est,
870 2391 969 2466 unde
995 2393 1216 2468 scholiastes
1240 2416 1314 2466 non
1340 2415 1466 2464 rerum
1492 2389 1607 2464 fidem
1634 2397 1785 2467 secutos
1813 2417 1910 2493 esse,

315 2506 383 2583 scd
415 2531 465 2581 ex
496 2508 624 2583 verbis
654 2515 787 2609 poetae
821 2509 919 2582 male
950 2510 1150 2585 intellectis
1183 2513 1436 2584 coniecturam
1471 2511 1564 2582 satis
1596 2508 1744 2582 futilem
1776 2511 1912 2587 iecisse

314 2624 517 2700 admodum
550 2630 631 2700 veri
664 2628 786 2702 simile
819 2628 871 2700 fit.
922 2627 1058 2725 Neque
1088 2627 1272 2702 diluvium
1302 2627 1448 2700 Tiberis
1481 2649 1577 2700 anno
1604 2625 1740 2725 tellau
1767 2629 1908 2702 fectum

317 2743 426 2817 stab
457 2741 589 2818 Cassio
614 2742 736 2816 Dione
762 2745 829 2841 53,
854 2745 903 2817 20
929 2751 1122 2818 narratum
1147 2743 1194 2818 ad
1220 2745 1291 2817 hoo
1317 2766 1467 2818 carmen
1492 2744 1625 2817 referri
1649 2767 1764 2843 posse
1787 2744 1912 2820 Fren-

312 2861 398 2936 kius
424 2884 457 2959 p.
484 2861 555 2934 146
580 2860 789 2934 luculenter
816 2863 1004 2958 exposuit.
1054 2859 1154 2932 Nem
1179 2859 1311 2934 Dionis
1344 2858 1461 2932 verbe
1493 2854 1733 2958 ‘Adyovorog
1758 2859 1833 2958 μὲν
1859 2860 1910 2959 (λη’

313 2974 520 3076 ὁΚαῖσαρ,
544 2977 669 3078 οἵσπερ
689 2981 810 3070 εἶπον,
832 2966 1109 3076 ἐπωνομάσθη,
1137 2981 1201 3054 καὶ
1225 2971 1335 3078 αύτῷ
1352 2992 1510 3075 σημεῖον
1535 2970 1584 3052 ου’
1602 2974 1767 3076 σμικράν
1787 2972 1911 3064 edida

310 3088 397 3171 τότε
421 3093 489 3192 τῆς
514 3092 654 3181 νυκτὸς
679 3095 897 3196 ἐπεγένετο·
926 3090 948 3170 ὅ
974 3091 1049 3194 γάρ
1079 3101 1229 3195 Τίβερις
1263 3101 1468 3194 πελαγίσας
1500 3095 1633 3170 πᾶσαν
1663 3091 1735 3193 τὴν
1761 3095 1804 3172 ἕν
1829 3111 1911 3182 τοῖς

313 3214 457 3296 πεδίοις
481 3207 628 3312 Ράμην
661 3219 871 3312 κατέλαβεν
901 3211 998 3290 ιάστε
1030 3219 1230 3306 πλεῖσθαι,
1265 3214 1331 3289 καὶ
1364 3204 1429 3286 ἄπ’
1457 3204 1583 3287 αὐτοῦ
1608 3217 1645 3288 οἱ
1669 3207 1826 3311 μάντεις
1852 3215 1911 3290 ὅτι

311 3359 352 3406 τε
371 3329 433 3405 ἐπὶ
450 3335 552 3433 μέγα
574 3324 730 3429 αύξήσοι
751 3335 815 3409 καὶ
836 3331 895 3409 ὅτι
917 3333 1048 3408 πάσαν
1067 3325 1139 3427 τὴν
1163 3324 1274 3408 πάλιν
1302 3325 1529 3427 ύπαχειρίαν
1550 3332 1624 3416 ἕξοι
1646 3334 1908 3432 προέγνωσαν.

308 3449 575 3548 χαριζομένων
598 3451 635 3525 ιλ
658 3445 767 3550 αύτῷ
784 3453 879 3526 καθ’
899 3443 1118 3548 ὑπερβολὴν
1139 3445 1266 3525 άλλων
1282 3444 1391 3539 άλλα,
1419 3451 1559 3532 Σέξτος
1575 3477 1632 3532 τις
1649 3444 1909 3542 Πακοάουιος,

312 3561 365 3650 ὥς
390 3567 427 3642 ‹l‘
453 3571 572 3668 έτεροι
596 3571 771 3667 λέγουσιν
787 3559 1015 3656 Ἀπούιλιος,
1051 3560 1199 3648 πάντας
1230 3558 1451 3663 ἐξενίκησεν
1484 3568 1578 3640 satis
1611 3572 1742 3664 aperte
1773 3567 1908 3645 docent

311 3685 382 3760 boo
400 3683 584 3758 diluvium
600 3708 687 3759 cum
706 3688 923 3784 cognomine
940 3685 1110 3783 Augusti
1127 3683 1282 3758 Caesari
1304 3682 1512 3759 Octaviano
1537 3685 1649 3783 paulo
1675 3693 1762 3760 ante
1788 3687 1905 3762 indito

312 3806 550 3877 coniunctum
569 3809 607 3876 et
626 3827 693 3901 pro
708 3802 833 3877 fausto
846 3806 1003 3901 augurio
1018 3805 1222 3876 crescentis
1239 3802 1378 3900 gloriae
1397 3804 1557 3877 nominis
1575 3803 1692 3902 vulgo
1711 3812 1909 3905 acceptum

313 3942 410 4016 esse,
436 3924 544 3995 cuius
569 3924 624 3993 rei
649 3944 805 4019 prorsus
830 3925 1015 3994 contrarie
1039 3923 1214 3993 carminis
1242 3918 1397 3993 secundi
1423 3943 1560 3994 versus
1584 3921 1910 3998 25-61ndiennt:

740 4071 842 4154 erem
863 4075 953 4140 vocet
975 4072 1089 4139 divum
1107 4071 1253 4157 populna
1274 4075 1448 4138 ruentis

737 4177 865 4262 Imperi
886 4177 1007 4244 rebus?

312 4319 457 4412 Quodsi
494 4347 517 4393 a
558 4327 670 4420 poeta
703 4344 776 4395 non
808 4343 939 4394 veram
970 4323 1181 4420 praesentis
1217 4322 1399 4418 temporis
1434 4323 1637 4420 imaginem
1674 4345 1908 4422 expressam,

311 4436 379 4512 sed
411 4442 699 4536 praeteritorum
734 4444 947 4539 temporum
983 4443 1165 4513 incertam
1205 4436 1393 4536 quendam
1436 4443 1656 4514 memoriam
1691 4446 1908 4516 revocatam

311 4578 397 4631 esse
425 4555 587 4630 Frankio
624 4559 781 4654 eiusque
817 4555 1033 4656 pedisequis
1071 4555 1198 4655 largiri
1235 4556 1353 4654 nolis⁷
1395 4556 1584 4654 reliquum
1620 4563 1697 4656 est,
1736 4565 1781 4634 ut
1820 4584 1908 4636 cum

309 4671 504 4748 Massonio
529 4674 581 4773 (p.
608 4675 700 4774 233)
724 4675 772 4748 ad
795 4673 981 4748 diluvium
1007 4674 1154 4749 Tiberis
1181 4679 1219 4747 et
1243 4680 1417 4772 portenta
1441 4673 1620 4748 terribilia
1644 4699 1742 4749 anno
1769 4677 1906 4776 r31l23

311 4797 475 4864 exeunte
509 4798 548 4863 et
581 4791 717 4890 732J22
749 4795 902 4866 ineunte
934 4793 1101 4866 iactast
1132 4791 1179 4865 ab
1212 4790 1345 4866 Cassio
1378 4791 1498 4866 Dione
1535 4792 1601 4880 53,
1642 4793 1690 4866 33
1718 4800 1756 4867 et
1783 4797 1851 4894 54,
1885 4801 1905 4870 1

308 4909 427 4984 relata
446 4907 647 5008 confirgn'ns.
687 4909 815 5008 Atque
841 4934 937 5009 quae
961 4909 1118 4986 Cassius
1143 4912 1351 5007 posteriore
1369 4908 1449 4983 loco
1468 4907 1583 4984 refert
1604 4905 1641 5008 ‘ri
1662 4907 1770 4996 πόλις
1791 4923 1907 4988 neia-
1962 4935 1972 4950 ’

308 5035 489 5127 γίσαντος
523 5027 641 5110 αὐθις
678 5031 749 5103 τοι]
788 5031 967 5126 ποταμοῦ
1004 5023 1198 5125 ἐπλεύσθη
1235 5031 1301 5104 καὶ
1338 5043 1539 5126 κεραυνοῖς
1573 5025 1670 5104 ἄλλα
1706 5057 1748 5106 τε
1786 5026 1906 5105 πολλοὶ

308 5137 459 5241 ἐβλήθη
484 5145 549 5217 καὶ
575 5147 611 5218 οῖ
638 5137 866 5242 άνιῖριάντες
891 5149 928 5222 οἱ
951 5145 996 5222 έν
1019 5141 1077 5245 τῷ
1101 5150 1312 5245 Πανθείῳ,
1350 5143 1448 5221 ὥστε
1474 5147 1539 5222 καὶ
1567 5142 1611 5222 τά
1642 5142 1742 5244 δόρυ
1769 5146 1812 5222 ἐκ
1837 5148 1908 5244 τῆς

308 5260 381 5334 τοῦ
405 5252 638 5358 Αὐγούστου
667 5259 795 5364 χειρὸς
828 5265 1018 5340 ἐκπεσεῖν.
1054 5257 1287 5360 πονούμενοι
1319 5259 1393 5340 οὖν
1424 5257 1503 5340 ύπά
1531 5294 1571 5341 τε
1602 5263 1672 5363 τῆς
1697 5258 1816 5342 νάσου
1842 5267 1908 5341 καὶ

307 5373 383 5453 dud
411 5380 483 5454 τοῦ
505 5381 622 5476 λιμοῦ
647 5437 656 5456 .
685 5437 694 5456 .
722 5439 730 5456 .
757 5389 984 5478 νομίσαντες
1012 5385 1048 5458 ol
1074 5390 1249 5478 Ρωμαῖοι
1274 5375 1346 5459 οὐκ
1372 5380 1494 5469 άλλως
1521 5390 1628 5484 σφίσι
1650 5380 1775 5458 ταῦτα
1806 5407 1908 5480 συμ-
