4914 6454
1994 862 2040 936 21

440 1063 606 1161 ¹coniuge
644 1059 897 1162 Maecenatis,
945 1060 1120 1138 versibus
1158 1059 1364 1161 pangendis
1403 1063 1564 1161 vacarit,
1611 1063 1820 1162 significare
1858 1063 2043 1163 videnum,

444 1199 568 1278 neque
593 1179 715 1254 ullum
741 1201 791 1252 ex
818 1183 995 1277 quatuor,
1013 1200 1110 1276 quae
1139 1183 1226 1276 post
1251 1201 1391 1252 annum
1416 1179 1491 1254 732
1516 1181 1656 1277 scripta
1680 1201 1766 1254 esse
1792 1179 1921 1281 docui,
1957 1205 2042 1258 ear-

445 1295 610 1372 minibus
642 1298 801 1372 eroticae
838 1297 964 1396 poesis
1000 1297 1130 1395 generi
1167 1292 1456 1370 adscribendum
1493 1297 1560 1394 sit,
1599 1294 1671 1370 hoc
1708 1319 1857 1395 quoque
1893 1300 2042 1372 nomine

444 1437 571 1489 meam
600 1438 757 1490 causam
789 1418 917 1488 contra
954 1410 1257 1490 adversariorum
1300 1415 1511 1509 opinionem
1549 1410 1770 1486 defendendi
1809 1417 1915 1514 copia
1952 1413 2045 1489 mihi

445 1531 546 1607 iacta
568 1537 637 1606 est
687 1531 861 1629 Denique
894 1527 995 1628 quod
1028 1535 1140 1628 poete
1172 1552 1210 1610 v.
1244 1531 1293 1602 10
1323 1552 1440 1606 uersus
1465 1542 1498 1605 et
1522 1541 1636 1604 celero
1663 1535 1800 1604 ludicra
1832 1553 1873 1606 se
1904 1555 2043 1631 ponere

446 1648 553 1748 dicit,
600 1645 644 1724 eo
689 1671 737 1724 ne
780 1649 952 1748 propriae
995 1645 1199 1721 verborum
1235 1649 1376 1722 notioni
1412 1651 1450 1721 in
1487 1646 1714 1722 carminibus
1752 1648 2040 1747 interpretandis

445 1771 604 1842 nimium
636 1767 848 1842 tribuamus
880 1788 1095 1862 monemur,
1133 1763 1432 1863 quandoquidem
1465 1763 1643 1864 epistolae
1682 1789 1832 1864 quoque
1868 1765 2043 1842 versibus

445 1889 528 1961 sive
559 1884 718 1984 pedibus
754 1883 946 1983 dactylicis
980 1881 1148 1958 inclusae
1181 1885 1279 1956 sunt
1336 1880 1414 1957 Sed
1447 1889 1492 1956 ut
1523 1885 1696 1980 spinosae
1728 1885 2044 1983 interpretationis

444 2007 613 2103 argutias
651 2003 843 2103 fugiamus
882 2009 921 2076 et
953 2001 1062 2101 plus,
1098 2023 1212 2098 quam
1250 2005 1379 2074 nostra
1417 2004 1599 2076 memoria
1637 2001 1708 2074 viri
1747 1998 1845 2074 docti
1882 2023 2045 2076 consue-

445 2128 602 2220 verunt,
639 2123 806 2221 poeticae
841 2121 1011 2194 licentiae
1042 2117 1266 2216 largiamur,
1302 2121 1430 2191 tamen
1468 2117 1707 2192 intervallum
1740 2140 1863 2192 annuo
1896 2118 2045 2218 longius

444 2243 542 2314 inter
565 2238 767 2314 editionem
789 2241 998 2312 carminum
1021 2240 1060 2310 et
1083 2234 1263 2334 epistolae
1286 2237 1429 2332 primae
1451 2238 1758 2333 compositionem
1785 2237 2045 2310 intercessisse

443 2356 649 2434 admodum
681 2357 763 2430 veri
795 2355 916 2430 simile
951 2359 1020 2428 est
1071 2351 1244 2428 Eandem
1280 2373 1371 2426 vero
1404 2353 1444 2424 in
1478 2353 1703 2427 sententiam
1736 2353 1895 2451 epistola
1919 2352 2043 2428 unde-

447 2478 630 2551 vicesima
654 2473 871 2572 diligentius
896 2472 1110 2546 examinata
1136 2468 1366 2548 deducimur.
1418 2468 1606 2561 Quamvis
1630 2472 1730 2542 enim
1756 2493 1801 2544 ea
1825 2494 1900 2545 non
1924 2470 2043 2544 multo

444 2598 532 2693 post
556 2590 714 2666 odarum
740 2589 941 2665 editionem
966 2591 1107 2688 scripta
1129 2610 1216 2664 esse
1238 2587 1423 2686 videatur,
1448 2592 1574 2660 tamen
1598 2586 1831 2684 aliquantum
1851 2589 2045 2685 temporis,

445 2734 520 2809 quo
556 2709 657 2784 fama
694 2732 879 2783 novorum
917 2711 1126 2784 carminum
1166 2705 1443 2805 divulgaretur,
1480 2707 1743 2780 intercessisse
1782 2727 1939 2779 necesse
1974 2713 2044 2785 est.

445 2827 621 2926 Namque
656 2851 730 2902 non
762 2825 885 2901 solum
918 2829 1250 2926 grammaticorum
1289 2824 1563 2921 cavillationes,
1603 2822 1701 2920 quod
1736 2845 1868 2895 eorum
1900 2823 2046 2922 pulpita

445 2942 588 3018 ambire
622 2944 799 3042 noluerit,
832 2966 874 3018 se
900 2948 1103 3041 expertum
1129 2961 1232 3036 esse,
1267 2937 1334 3014 sed
1361 2940 1474 3012 etiam
1501 2960 1658 3012 suorum
1683 2939 1891 3012 carminum
1916 2939 2044 3010 imita-

444 3068 547 3137 tores
569 3065 646 3136 iam
667 3063 863 3136 exstitisse
885 3065 995 3159 poeta
1015 3059 1079 3133 illa
1098 3057 1255 3157 epistola
1285 3055 1478 3154 significat
1517 3052 1663 3145 Quodsi
1683 3055 1851 3152 argutari
1871 3053 2044 3151 nolimus,

444 3178 631 3254 fateamur
652 3201 808 3254 necesse
827 3183 898 3274 est,
924 3177 1101 3275 epistolas
1127 3177 1288 3274 primam
1312 3179 1351 3246 et
1372 3171 1692 3246 undevicesimam
1710 3174 1744 3246 si
1766 3174 1890 3246 minus
1913 3171 2043 3246 multis

443 3301 564 3396 annis,
587 3304 627 3372 at
652 3303 754 3373 certe
779 3297 968 3394 aliquanto
993 3300 1080 3394 post
1106 3295 1271 3388 carmina
1297 3291 1475 3390 evulgata
1500 3294 1659 3389 scriptas
1687 3311 1773 3363 esse
1799 3288 1927 3363 videri

573 3414 748 3490 Alterum
772 3416 888 3512 igitur
914 3434 1095 3510 quaerere
1119 3414 1239 3508 iuvat,
1264 3432 1358 3481 num
1379 3413 1466 3480 ante
1490 3429 1661 3480 mensem
1681 3405 1933 3481 Decembrem
1959 3407 2046 3478 anni
2137 3489 2158 3508 ν

447 3533 585 3632 ’134120
600 3531 778 3630 epistolas
794 3529 914 3604 editas
932 3553 1018 3605 esse
1039 3535 1082 3604 ut
1100 3534 1326 3624 statuamus
1350 3547 1505 3624 prorsus
1524 3527 1780 3598 necessarium
1801 3526 1862 3598 sit.
1904 3522 2045 3598 Kirch-

445 3652 526 3725 neri
549 3648 699 3748 quidem
726 3644 900 3744 (Quaest
924 3669 958 3744 p.
984 3646 1052 3743 36)
1081 3649 1355 3740 commentum,
1392 3641 1531 3715 librum
1559 3645 1680 3741 primo
1713 3664 1831 3716 versu
1863 3640 2044 3740 epistolae

446 3769 649 3842 vicesimae
675 3769 1010 3838 commemoratum

809 3898 1023 3967 Vertumnum
1045 3898 1247 3982 Jenumqua,
1270 3897 1362 3983 liber,
1384 3902 1532 3984 spectare
1553 3889 1677 3966 adara

446 4073 520 4125 non
545 4047 799 4148 epistolarum,
825 4045 894 4120 sed
920 4044 1066 4144 epodon
1092 4045 1341 4144 intellegentis
1367 4051 1411 4117 ut
1437 4041 1725 4141 comprobemus
1750 4043 1900 4113 tantum
1926 4038 2044 4136 abest

445 4173 491 4242 ut
522 4165 765 4241 Lachmanno
800 4168 838 4237 et
871 4163 1034 4238 Frankio
1073 4187 1208 4238 manus
1252 4161 1340 4236 dare
1374 4185 1488 4260 quam
1526 4159 1622 4233 tales
1660 4154 1824 4231 latebras
1859 4177 2040 4254 quaerere

444 4285 631 4364 malimus.
640 4281 669 4381 ¹)
708 4278 784 4356 Sed
803 4283 907 4380 ipsos
929 4281 1043 4356 huius
1070 4280 1249 4380 epistolae
1275 4301 1421 4377 versus,
1447 4277 1585 4376 quibus
1604 4277 1784 4374 temporis
1807 4279 1894 4347 noto
1917 4275 2043 4347 inesse

444 4402 607 4500 videtur,
631 4402 844 4476 accuratius
870 4401 1130 4473 excutiamus:

791 4547 891 4618 Forte
913 4569 1021 4616 meum
1042 4546 1148 4631 rique
1168 4552 1200 4614 te
1218 4543 1469 4632 percontabitur
1491 4563 1615 4625 aaron,

792 4655 849 4724 Me
872 4661 987 4742 quater
1008 4655 1158 4724 undenos
1178 4657 1263 4723 reiut
1284 4653 1468 4738 implevisse
1490 4647 1697 4731 Decembres,

793 4762 954 4852 Collepem
974 4761 1141 4848 Lepidum
1163 4784 1225 4846 qno
1248 4762 1336 4828 diuet
1357 4759 1488 4827 Lollius
1509 4778 1607 4827 anno.

536 4979 563 5048 1)
581 4977 622 5034 ut
631 4979 781 5046 appareat,
790 4975 861 5032 nihil
870 4980 930 5032 tam
938 4989 1111 5046 perversum
1120 4989 1194 5045 esse,
1203 4989 1261 5045 qno
1269 4989 1328 5030 non
1336 4968 1506 5043 perversius
1514 4969 1639 5025 inveniri
1648 4967 1750 5038 possit,
1760 4979 1852 5037 nuper
1863 4963 1895 5022 0.
1905 4962 2041 5020 illllerus

444 5069 476 5125 in
493 5067 711 5139 programmate
730 5062 877 5135 gymnasii
895 5061 994 5118 nescio
1016 5061 1098 5117 onius
1115 5059 1319 5130 Berolinensis,
1345 5057 1400 5114 nin
1419 5055 1687 5126 Begleitschreiben
1705 5055 1757 5113 des
1774 5053 1872 5110 Horae
1891 5067 1926 5108 au
1945 5050 2042 5108 sainen

446 5157 606 5214 Sermonae
623 5169 650 5224 p.
670 5151 686 5206 7
704 5150 779 5209 hano
796 5151 948 5222 epistolam
965 5149 1135 5206 vicesimam
1151 5147 1234 5205 libris
1248 5147 1362 5204 duobus
1381 5145 1533 5202 satirarum
1549 5149 1579 5202 st
1595 5145 1687 5217 priori
1706 5141 1891 5216 epistolarum
1909 5138 2041 5195 coniunc-

444 5243 497 5300 tim
516 5240 635 5300 edendis
654 5240 692 5297 ab
711 5239 833 5298 Horatio
857 5238 991 5295 comitam
1013 5236 1178 5293 adiunctus
1203 5251 1267 5293 esee
1286 5237 1463 5292 commentus
1481 5237 1539 5303 est3
1567 5247 1655 5305 quam
1674 5232 1836 5302 opinionem
1853 5226 1986 5285 refellere
2005 5243 2041 5284 eo

446 5331 542 5404 magis
560 5329 748 5404 supersedeo,
769 5328 848 5401 quod
865 5326 935 5383 nihil
954 5343 990 5385 ea
1006 5325 1132 5398 probata
1149 5324 1187 5381 ad
1205 5327 1366 5394 temporum
1384 5319 1571 5378 difficultates
1592 5319 1756 5378 enodandas
1774 5317 1923 5374 lucramur.
