4914 6454
1887 885 1909 956 ‘l

311 1060 493 1159 opuscula
517 1060 570 1158 (v.
597 1061 663 1158 35)
691 1058 890 1160 significari
916 1057 1066 1132 dixeris,
1106 1057 1203 1149 Quis
1230 1059 1329 1129 enim
1354 1056 1470 1129 ferret
1494 1063 1627 1154 poetae
1653 1059 1797 1135 fastum
1823 1085 1908 1135 oar-

311 1181 414 1252 mina
445 1201 515 1252 sua
548 1184 701 1270 inpendia
725 1183 896 1269 cautaque
920 1184 986 1270 lapi
1011 1179 1236 1265 multasque
1262 1183 1370 1248 teneri
1393 1173 1653 1276 praedicantis,
1680 1180 1754 1252 nisi
1778 1179 1909 1256 multis

310 1299 386 1369 iarn
410 1300 590 1392 tantoque
616 1292 723 1368 hiatu
744 1293 865 1391 dignis
884 1293 1110 1369 carminibus
1128 1295 1267 1391 ingenii
1291 1296 1370 1364 vim
1390 1300 1428 1366 et
1447 1296 1539 1367 artis
1559 1294 1688 1368 limam
1713 1301 1793 1372 suis
1814 1300 1910 1372 civi-

313 1413 385 1487 bus
410 1412 635 1515 probasset?
674 1411 793 1507 Quid,
827 1411 927 1510 quod
961 1436 1010 1484 ex
1048 1411 1201 1486 exordio
1235 1411 1414 1509 epistolae
1451 1410 1696 1486 dedicatoriae
1729 1416 1855 1514 (epist
1881 1417 1911 1514 I,

315 1535 333 1604 1
378 1533 516 1604 1-4.

338 1585 349 1627 ’
489 1530 507 1628 )
655 1630 1145 1711 mandamentorum
1169 1627 1482 1711 dicendeOamena,
1598 1653 1603 1670 ¹

653 1735 840 1822 Spectatum
862 1741 945 1804 satis
968 1743 998 1804 et
1021 1738 1179 1804 mactum
1202 1741 1270 1803 iam
1293 1737 1376 1803 rade
1400 1738 1543 1818 poderis,

652 1844 841 1928 Maecenas,
863 1846 983 1911 lteram
1006 1847 1141 1926 antiquo
1165 1865 1215 1909 me
1237 1842 1406 1910 includere
1428 1841 1528 1909 ledo?

652 1952 730 2018 Noa
753 1953 894 2020 eademst
917 1957 1019 2035 aetas,
1042 1975 1109 2019 aaa
1132 1973 1222 2020 otene

311 2109 498 2184 Frankius
523 2135 558 2210 p.
583 2112 630 2185 55
659 2137 736 2210 sqq.
761 2113 903 2209 aliquot
929 2137 1112 2187 annorum
1141 2115 1308 2210 spatium
1333 2115 1431 2184 inter
1455 2110 1612 2185 odarum
1638 2111 1755 2187 libros
1791 2112 1911 2188 editos

311 2232 350 2301 et
384 2231 561 2329 epistolas
596 2228 782 2303 scribendi
814 2229 1009 2304 consilium
1040 2229 1087 2304 ab
1113 2229 1270 2303 Horatio
1295 2233 1430 2304 initum
1455 2231 1718 2304 intercessisse
1744 2230 1910 2329 colligit?

314 2342 388 2422 Sed
424 2356 468 2422 ut
501 2355 684 2447 quantum
707 2351 888 2446 temporis
914 2351 1181 2446 intercesserit,
1205 2372 1303 2421 nunc
1329 2347 1482 2446 quidem
1506 2350 1545 2418 in
1570 2346 1694 2422 medio
1720 2349 1910 2447 relinqua·
1954 2342 1963 2352 ’
2033 2346 2043 2362 ’

312 2495 410 2569 mus,
435 2475 537 2542 certe
559 2474 646 2540 ante
664 2467 841 2565 epistolas
859 2465 1059 2538 Horatium
1084 2464 1240 2540 odarum
1261 2465 1375 2540 libros
1400 2465 1562 2539 edidisse
1585 2469 1668 2538 veri
1693 2465 1815 2540 simile
1842 2473 1910 2544 est

439 2585 607 2662 Odarum
635 2608 724 2658 vero
749 2583 863 2658 libros
890 2589 968 2658 tres
993 2586 1137 2681 priores
1163 2609 1236 2657 non
1262 2587 1482 2688 separatim,
1517 2584 1556 2657 id
1590 2584 1690 2682 quod
1715 2587 1910 2664 Bentleius

313 2710 441 2795 voluit,
469 2704 536 2782 sed
557 2705 782 2779 coniunctim
801 2701 920 2776 editos
941 2725 1037 2800 esse,
1064 2727 1151 2776 cum
1175 2703 1237 2776 alii
1258 2709 1342 2776 tum
1359 2701 1591 2782 Kirchnerus
1617 2711 1656 2779 in
1678 2705 1771 2780 libro
1795 2730 1911 2804 supra

313 2826 463 2902 laudato
488 2849 549 2922 pp.
576 2825 698 2897 7—12
722 2821 1032 2894 luculentissimis
1058 2824 1291 2918 argumentis
1318 2823 1666 2921 comprobaverunt.
1710 2823 1911 2922 Equidem,

314 2945 453 3020 utalia
477 2945 642 3038 mittam,
678 2939 840 3013 Bentleii
872 2941 1082 3037 opinionem
1106 2941 1160 3012 ita
1184 2937 1420 3038 redarguam,
1446 2948 1490 3014 ut
1514 2941 1598 3016 libri
1622 2947 1735 3042 primi
1760 2967 1910 3030 carmen
2008 2991 2010 3000 ,

311 3065 534 3136 vicesimum
569 3066 765 3157 quartum,
798 3055 952 3131 secundi
984 3063 1181 3154 quartum,
1216 3061 1317 3130 tertii
1350 3057 1537 3133 decimum
1570 3069 1748 3158 quartum
1774 3060 1907 3135 eodem

308 3180 388 3254 lere
413 3188 584 3277 tempore
607 3178 724 3274 lacta,
758 3183 860 3250 certe
892 3199 967 3250 non
1001 3178 1141 3249 maiore
1180 3201 1293 3273 quam
1332 3201 1455 3252 annuo
1494 3180 1691 3254 intervallo
1732 3183 1829 3252 inter
1867 3203 1910 3253 se

311 3298 497 3372 disiuncta
522 3319 607 3372 esse
634 3294 796 3369 doceam
846 3293 973 3366 Primo
1004 3295 1104 3364 enim
1129 3292 1229 3389 quod
1256 3292 1336 3366 dixi
1361 3299 1523 3369 carmine
1550 3304 1711 3371 mortem
1737 3297 1909 3389 Quintilii

310 3418 414 3515 Vari,
439 3420 574 3514 poetae
593 3412 868 3507 Cremonensis,
894 3433 1006 3507 quem
1027 3434 1108 3488 au.
1131 3433 1160 3482 e.
1182 3429 1343 3486 Deam
1365 3413 1427 3486 vel
1449 3430 1624 3492 Dccxxxl
1647 3419 1727 3490 vita
1752 3415 1909 3489 defune-

309 3543 392 3608 tum
413 3556 498 3608 esse
520 3533 775 3629 Hieronymus
794 3531 832 3600 in
854 3526 1048 3601 Chronieis
1069 3531 1272 3602 memoriae
1293 3529 1465 3629 prodidit,
1481 3531 1510 3630 ¹)
1536 3533 1760 3632 lugubribus
1788 3533 1908 3607 modis

310 3654 568 3752 prosequitur,
594 3647 748 3724 secundi
772 3646 857 3719 libri
882 3649 1045 3719 carmine
1071 3653 1205 3745 quarto
1231 3656 1403 3724 extremo
1429 3659 1541 3749 poeta
1565 3652 1742 3727 versibus

1072 3799 1150 3886 supe
1172 3805 1350 3885 auspicari,

810 3905 913 3974 Certos
935 3911 1085 3974 amoveam
1107 3909 1289 3991 trepidauit
1314 3915 1406 3977 aetas

945 4011 1103 4080 Claudere
1127 4014 1267 4081 ladrum

309 4162 444 4234 aetatis
468 4182 608 4232 annum
640 4155 971 4255 quadragesimum
1004 4179 1046 4230 se
1078 4179 1276 4232 emensum
1310 4181 1397 4233 esse
1438 4167 1567 4256 aperte
1604 4158 1759 4260 indicat,
1798 4161 1908 4260 unde,

310 4299 394 4349 cum
432 4273 648 4351 consulibus
673 4272 784 4347 Cotta
818 4280 857 4346 et
880 4273 1022 4348 Manlio
1053 4279 1139 4347 anni
1174 4294 1376 4351 Dcaxxxm
1413 4301 1543 4352 mense
1579 4278 1782 4352 Decembri
1815 4301 1908 4376 poe-

308 4399 387 4467 tam
412 4401 545 4468 natum
571 4416 656 4468 esse
679 4397 835 4488 constet,
863 4415 1013 4465 carmen
1033 4391 1125 4465 illud
1150 4418 1246 4467 anno
1273 4413 1449 4470 ooomx
1474 4402 1639 4468 exeunte
1662 4396 1725 4469 vel
1735 4411 1905 4470 mccxxx

309 4516 460 4586 ineunte
493 4515 743 4611 compositum
776 4533 861 4583 esse
895 4514 1075 4607 sequitur.
1126 4510 1273 4585 Eodem
1310 4512 1470 4610 denique
1505 4520 1674 4612 tempore
1700 4513 1783 4587 libri
1807 4517 1908 4586 tertii

309 4653 460 4705 carmen
484 4645 565 4728 XIV,
590 4629 691 4726 quod
715 4635 840 4702 totum
862 4630 901 4700 in
925 4628 1036 4702 laude
1062 4629 1236 4705 Caesaris
1262 4632 1308 4705 ab
1335 4631 1505 4728 Hispana
1531 4656 1596 4705 ora
1622 4631 1780 4706 devictis
1804 4631 1906 4706 Can-

308 4749 425 4824 tabris
443 4773 534 4822 suos
549 4755 705 4846 penates
720 4750 924 4846 repetentis
944 4755 1130 4847 versatur,
1147 4752 1331 4848 seriptum
1347 4773 1444 4847 esse,
1461 4748 1585 4824 Cassii
1599 4750 1732 4825 Dionis
1748 4749 1826 4847 (53,
1840 4751 1906 4850 ι28)

308 4869 523 4941 testimonio
556 4866 777 4964 Augustum
810 4891 841 4939 a
873 4847 1010 4964 ‘l30s24
1043 4865 1090 4940 ab
1128 4866 1311 4965 Hispania
1345 4867 1506 4942 Romam
1540 4867 1698 4942 rediisse
1728 4871 1906 4941 testantis

309 4985 510 5063 conficitur.
549 4983 648 5074 Quid
672 4985 816 5058 multa?
854 4985 1017 5060 Etiamsi
1042 4986 1190 5084 singula
1216 4990 1391 5083 carmina,
1418 4992 1529 5085 prout
1555 5009 1618 5062 res
1642 4993 1709 5059 aut
1734 4993 1905 5084 tempora

416 5177 442 5243 1)
467 5176 599 5231 Duorum
622 5191 761 5230 annorum
785 5175 932 5245 optionem
952 5173 1074 5228 dandam
1092 5173 1210 5245 putavi,
1239 5174 1318 5245 quod
1337 5189 1374 5229 ex
1392 5175 1513 5231 Ensebii
1533 5175 1696 5232 Chronieon
1721 5173 1847 5231 editione
1866 5170 1904 5227 ab

309 5263 367 5318 All.
387 5263 530 5322 Schoenio
548 5271 652 5334 parata
670 5265 720 5334 (11,
743 5263 804 5332 143)
822 5263 852 5316 in
872 5263 971 5318 codiee
990 5261 1167 5318 Frcheriano
1187 5261 1261 5318 hanc
1279 5263 1457 5320 notationem
1476 5266 1584 5335 primo,
1614 5266 1643 5320 in
1662 5264 1780 5336 reliquis
1799 5261 1905 5316 codici-

309 5352 364 5409 bus
382 5354 508 5409 secundo
526 5368 600 5408 anno
619 5353 791 5424 olympiadis
810 5352 1028 5410 CLXXXVIIII
1047 5354 1222 5422 adscriptam
1242 5367 1307 5409 esse
1325 5355 1460 5425 cognovi.
