4914 6454
474 869 524 944 24

473 1065 541 1143 scd
558 1065 737 1142 Kalendis
758 1064 968 1142 Sextilibus
990 1062 1198 1139 dedicatam
1222 1087 1308 1140 esse
1326 1063 1603 1138 Mommsenius
1623 1061 1663 1139 C.
1679 1063 1708 1138 l.
1727 1063 1770 1138 L.
1793 1059 1902 1138 1393
1926 1059 2070 1159 planis-

475 1185 570 1260 sime
596 1181 877 1259 demonstravit
929 1181 1075 1275 Quodsi
1101 1185 1262 1280 quaeris,
1287 1205 1355 1256 cur
1379 1203 1510 1256 mense
1537 1181 1661 1278 Maio,
1686 1205 1760 1256 non
1785 1180 1964 1280 Augusto
1990 1178 2070 1254 ludi

473 1301 603 1376 Martii
636 1300 813 1376 celebrati
838 1302 933 1397 sint,
968 1301 1153 1400 suspicari
1186 1299 1274 1372 licet
1305 1301 1480 1372 nuntium
1514 1301 1708 1398 signorum
1742 1304 1981 1398 receptorum
2006 1297 2069 1373 illo

474 1441 605 1495 manse
622 1419 670 1494 ab
694 1420 835 1493 oriente
852 1417 1014 1492 Romam
1039 1415 1207 1491 adlatum
1232 1422 1272 1489 et
1294 1416 1342 1491 ab
1369 1421 1524 1490 senatus
1551 1413 1721 1490 consulto
1745 1417 1785 1488 in
1810 1413 1904 1490 aede
1932 1413 2069 1492 Martis

473 1535 617 1612 Ultoris
657 1539 764 1635 signa
801 1535 1016 1634 reponenda
1045 1537 1233 1610 censentis
1266 1537 1448 1633 originem
1483 1532 1658 1608 ludorum
1693 1531 1937 1632 repetendam
1972 1555 2069 1613 esse.

473 1653 598 1728 Erunt
630 1659 776 1749 tamen,
814 1651 952 1750 quibus
976 1653 1063 1751 plus
1089 1650 1359 1750 probabilitatis
1386 1651 1504 1724 altere
1530 1653 1694 1748 suspicio
1719 1648 1858 1725 habere
1884 1648 2070 1751 videatur,

475 1768 828 1854 die1v1d.Maias
860 1771 946 1842 anni
977 1769 1050 1843 735
1083 1768 1144 1843 vel
1179 1769 1251 1843 736
1291 1767 1424 1842 aedem
1458 1765 1595 1842 Martis
1632 1766 1774 1842 Ultoris
1812 1767 2071 1870 Capitolinam,

472 1890 511 1962 in
533 1912 608 1985 qua
629 1889 794 1986 primum
817 1893 969 1983 recepta
993 1889 1100 1986 signa
1121 1889 1287 1985 reposita
1307 1893 1407 1982 sunt,
1415 1884 1444 1983 ¹)
1464 1884 1670 1984 perfectam
1689 1892 1728 1959 et
1746 1883 1954 1960 dedicatam
1971 1909 2070 1986 esse,

474 2004 659 2104 siquidem
692 2002 934 2079 dedicationis
970 2003 1050 2080 dies
1083 2028 1171 2079 cum
1205 2027 1399 2079 sacrorum
1433 2011 1472 2077 et
1501 2002 1678 2078 ludorum
1719 2004 1955 2079 solemnitate
1991 2005 2071 2080 fere

473 2126 694 2198 coniunctus
718 2129 809 2202 erat.
848 2121 935 2215 Qua
955 2123 1135 2199 decanea
1155 2127 1188 2198 si
1207 2125 1246 2196 in
1264 2146 1381 2198 versu
1401 2123 1464 2197 illo
1478 2121 1682 2196 Horatiano
1708 2119 1867 2194 verbum
1891 2121 2071 2220 refigendi

474 2264 590 2316 sensu
615 2243 764 2339 proprio
787 2243 904 2340 accipi
927 2247 966 2314 et
988 2242 1208 2340 Augustum
1233 2243 1361 2340 ipsum
1386 2244 1425 2314 iu
1449 2238 1542 2314 aede
1569 2238 1738 2313 dedicata
1762 2263 1868 2314 arma
1892 2240 2067 2316 refixisse

474 2357 546 2432 dici
577 2358 705 2456 malis,
737 2357 833 2432 hanc
859 2357 1057 2456 epistolam
1082 2383 1114 2432 a
1140 2360 1214 2433 734
1240 2349 1420 2458 scriptam
1448 2381 1632 2432 essenon
1658 2379 1796 2456 negare
1821 2381 1895 2431 non
1918 2361 2070 2454 poteris.

598 2475 792 2575 Epistolae
818 2498 909 2550 vero
935 2493 1020 2550 xvn
1048 2499 1185 2551 versus
1212 2477 1372 2552 33-35

819 2625 888 2692 Rea
907 2645 1019 2711 perere
1041 2628 1072 2693 et
1094 2629 1207 2710 ceptor
1228 2625 1395 2694 odeadera
1417 2625 1543 2694 eatur
1565 2627 1690 2694 horter¹

819 2735 962 2819 Attinpit
984 2731 1104 2802 solium
1125 2733 1221 2801 «locta
1242 2737 1274 2802 ct
1296 2733 1450 2802 coeletia
1472 2739 1597 2802 tentat:

818 2837 1033 2924 ornantur
1050 2840 1216 2925 placuisse
1238 2841 1322 2907 raris
1345 2861 1410 2908 noa
1433 2841 1553 2908 ultimo
1575 2841 1650 2908 luas
1672 2849 1719 2909 eet

473 2987 540 3054 aut
565 2978 656 3053 nihil
681 3002 837 3077 prorsus
863 2980 1122 3079 adsignificant
1146 2985 1214 3054 aut
1237 2981 1461 3080 Augustum
1495 2985 1533 3053 et
1557 2980 1768 3079 Agrippam
1802 2979 1975 3055 hostibus
2000 2980 2070 3056 de·

473 3100 583 3173 victis
616 3101 655 3170 in
687 3097 822 3172 urbem
854 3097 1056 3198 redeuntes
1091 3107 1130 3174 et
1153 3098 1334 3197 triumphi
1359 3097 1500 3172 honore
1524 3113 1684 3172 ornatos.
1693 3095 1724 3194 ²)
1774 3097 1953 3171 Alterum
1980 3123 2067 3174 cum

423 3285 443 3314 g
473 3219 581 3292 unice
607 3216 700 3289 mihi
722 3214 912 3316 probetur,
937 3217 1110 3315 equidem
1135 3218 1231 3292 hanc
1254 3216 1450 3317 epistolam
1471 3240 1568 3290 anno
1591 3213 1728 3312 idolii)
1750 3216 1838 3290 sivc'
1854 3223 1940 3314 post
1959 3239 2071 3290 men-

473 3356 556 3409 sem
580 3331 831 3406 Decembrem
855 3337 941 3407 anni
968 3336 1041 3409 734
1066 3337 1244 3433 scriptam
1271 3355 1357 3408 esse
1381 3332 1508 3407 nullus
1534 3331 1671 3406 dubito.

598 3450 770 3547 Denique
795 3449 896 3548 quod
921 3451 1118 3548 epistolam
1141 3453 1292 3526 tertiam
1317 3453 1480 3548 ineunte,
1507 3455 1552 3523 ut
1572 3448 1733 3548 videtur,
1755 3473 1852 3524 anno
1873 3451 1947 3525 734
1967 3451 2070 3528 Julio

473 3569 586 3646 Floro
604 3571 644 3642 in
661 3571 842 3644 orientem
864 3572 1034 3667 missam,
1055 3593 1198 3644 necnon
1221 3570 1418 3668 epistolam
1439 3567 1698 3643 duodecimam
1718 3569 1947 3642 auctumnali
1967 3575 2069 3643 tem-

473 3711 564 3787 pore
590 3685 759 3762 eiusdem
783 3689 869 3759 anni
896 3688 970 3762 734
994 3687 1102 3786 Iccio,
1130 3683 1380 3762 Siciliensium
1404 3684 1642 3784 praediorum
1668 3686 1860 3786 Agrippae
1886 3710 2068 3786 procura·

472 3805 556 3902 tori,
581 3805 760 3901 scriptam
784 3805 929 3900 attinet,
950 3803 1022 3878 hoc
1045 3809 1084 3876 te
1107 3809 1236 3877 tenere
1263 3803 1398 3901 velim,
1424 3802 1654 3900 impudentis
1679 3807 1901 3880 rusticitatis
1926 3810 2067 3881 crimen

472 3945 520 3997 nc
550 3921 695 3996 subiret
728 3925 861 4018 poetae
893 3920 1102 3995 verendum
1135 3921 1273 4018 fuisse,
1306 3923 1340 3996 si
1371 3921 1569 4020 epistolas,
1599 3923 1819 4020 priusquam
1851 3926 1889 3996 in
1926 3947 2069 4023 eorum,

472 4039 610 4140 quibus
644 4059 816 4138 quaeque
848 4041 966 4114 missa
998 4044 1096 4137 erat,
1129 4063 1266 4113 manus
1296 4041 1494 4139 pervenire
1528 4042 1758 4139 potuissent,
1796 4041 1994 4140 evulgatas
2027 4045 2067 4114 in

472 4158 654 4233 columnis
678 4154 962 4254 bibliopolarum
988 4163 1157 4256 prostare
1183 4159 1346 4232 sivisset
1396 4157 1530 4257 Neque
1556 4179 1648 4231 vero
1671 4159 1928 4234 ministrorum
1960 4159 2067 4235 freu-

580 4344 608 4412 1)
626 4342 701 4400 vida
711 4344 768 4400 Dio
777 4343 822 4417 54,
841 4345 874 4400 8:
902 4342 1001 4418 α’μέὶιι
1018 4349 1066 4400 καὶ
1085 4351 1190 4407 θυσίας
1208 4346 1252 4400 ἐπ’
1271 4341 1368 4406 αὐτοῖς
1386 4347 1434 4399 καὶ
1453 4339 1529 4400 νεών
1541 4339 1642 4415 ’Ἄρεος
1657 4347 1784 4418 τιμωροῦ
1801 4346 1833 4401 ἐν
1846 4347 1884 4416 rqi
1894 4351 2066 4420 Καπιτωλίῳ

473 4427 735 4492 reverterant<
755 4434 805 4487 τοῦ
822 4441 974 4505 φερετρίου
994 4433 1106 4506 ζήλωμα
1123 4427 1197 4507 πρός
1215 4426 1265 4499 τηίι
1282 4435 1342 4488 τῶν
1361 4438 1489 4504 σημείων
1507 4427 1650 4488 ἀνάθεσιν
1667 4437 1716 4488 aral
1735 4436 1922 4504 ψηφισθῆναι
1941 4437 2070 4492 ἐκέλευσε

473 4524 683 4588 natinatores.
719 4520 782 4590 Quo
807 4521 873 4579 loco
896 4538 961 4579 cum
983 4521 1053 4579 nihil
1080 4523 1117 4581 de
1138 4522 1214 4578 ludis
1233 4522 1346 4579 Martiis
1370 4520 1426 4579 boc
1445 4527 1577 4592 tempore
1594 4520 1734 4576 institutis
1753 4519 1882 4593 ditatur,
1908 4527 1960 4578 aut
1976 4522 2069 4580 nullos

472 4613 541 4666 ante
558 4624 583 4664 a
603 4608 656 4664 752
680 4616 763 4668 actos
786 4615 838 4667 aut
861 4611 933 4668 aede
957 4610 1007 4667 illa
1031 4610 1198 4682 capitolina
1222 4611 1359 4669 dedicata
1384 4627 1435 4669 cos
1457 4611 1605 4668 institutos
1624 4625 1689 4667 esse
1709 4609 1842 4666 conicias.
1879 4610 1955 4667 Illud
1973 4616 2068 4670 tamen

473 4700 597 4771 mIreris,
616 4700 695 4772 quod
706 4701 858 4774 Augustus
876 4701 979 4774 ipsein
994 4701 1094 4760 Indice
1110 4718 1206 4760 rerum
1224 4717 1244 4758 a
1261 4719 1291 4758 aa
1311 4688 1461 4773 gestarum
1479 4701 1521 4758 1v
1532 4701 1568 4756 ³8
1580 4698 1665 4776 lndos
1677 4699 1798 4756 Martios
1817 4715 1849 4758 aa
1864 4699 1982 4759 consuls
1995 4700 2070 4757 XIII

472 4789 537 4846 sive
561 4803 635 4845 anno
660 4789 713 4844 752
736 4790 882 4848 institutos
901 4805 968 4849 esse
984 4790 1064 4846 diclt
1100 4791 1201 4847 Marde
1225 4791 1301 4847 enlm
1318 4791 1432 4848 nomine
1451 4789 1505 4846 soli
1522 4788 1583 4844 ludi
1602 4787 1701 4860 magni
1718 4803 1817 4845 mense
1834 4788 1912 4846 Italo
1930 4787 2069 4847 celebrati

474 4877 543 4934 dicti
562 4892 627 4935 esse
645 4876 791 4939 videntur,

579 4964 609 5034 2)
627 4963 710 5022 (loni.
729 4964 787 5022 Dio
805 4963 857 5037 54,
875 4965 907 5023 8:
936 4970 1055 5040 προσέτι
1072 4971 1121 5021 καὶ
1140 4969 1188 5022 ἐπὶ
1207 4969 1318 5034 κέλητος
1335 4969 1365 5030 ec
1382 4961 1433 5033 την
1451 4967 1737 5033 neustrianorum
1755 4962 1845 5036 torsa
1862 4965 2068 5040 τροπαιοφόρηι

476 5053 604 5127 ἐτιμήθη.
642 5050 726 5120 Quod
743 5057 839 5111 autern
858 5053 915 5111 Dio
933 5055 978 5127 54,
998 5056 1032 5111 lo
1048 5056 1214 5128 Augustum
1231 5054 1306 5112 hunc
1324 5054 1463 5112 bonorem
1481 5053 1618 5126 triumphi
1636 5054 1797 5111 declinasse
1815 5058 1845 5110 et
1860 5060 1946 5112 noete
1965 5053 2064 5112 urbem

473 5142 595 5198 inuam
618 5139 726 5212 refert,
750 5140 885 5213 equidem
905 5159 964 5202 non
988 5159 1072 5217 curo,
1100 5142 1243 5218 siquidem
1265 5142 1321 5200 hoc
1345 5143 1438 5200 altero
1462 5142 1527 5200 loco
1553 5142 1676 5202 Dionem
1700 5156 1762 5199 rem
1784 5158 1889 5215 parum
1915 5141 2070 5217 dlllgenter

473 5229 621 5286 rettulisse
643 5228 711 5286 inde
736 5235 875 5302 apparet,
900 5231 977 5304 quod
995 5231 1057 5288 alus
1079 5231 1275 5288 uenationem
1299 5246 1364 5288 cum
1390 5231 1492 5289 verbis
1516 5231 1645 5303 Augusti
1668 5230 1761 5303 ipsius
1785 5230 1913 5287 nonuibtl
1937 5247 2070 5304 pugnare

474 5317 621 5391 Bergblus
639 5317 670 5373 ln
687 5316 815 5377 editions
832 5319 1008 5375 Monumentl
1025 5319 1175 5391 ancyrani
1193 5337 1222 5392 p.
1241 5319 1278 5376 48
1297 5317 1405 5377 docuit
