4914 6454
502 829 557 926 ιε,

499 1029 562 1128 pio
584 1033 623 1102 et
647 1027 807 1104 Lehrsio
841 1029 913 1104 hoc
944 1049 1095 1103 carmen
1124 1027 1301 1104 damnare
1324 1051 1438 1128 quam
1462 1052 1534 1106 suo
1559 1028 1719 1128 tempori
1745 1027 1911 1102 inserere
1936 1027 2096 1102 maluis-

499 1167 639 1222 semus.
648 1144 677 1244 ¹)

625 1263 690 1340 Ex
723 1267 771 1340 iis
802 1287 899 1364 quae
931 1265 1007 1340 huc
1039 1289 1162 1364 usque
1198 1263 1475 1364 disputavimus
1509 1270 1666 1364 apparet
1694 1285 1780 1340 esse
1811 1265 1908 1336 inter
1932 1266 2098 1338 carmina

499 1385 668 1484 priorum
701 1385 817 1456 trium
849 1381 1029 1458 librorum
1063 1383 1231 1482 Horatii,
1267 1405 1365 1482 quae
1395 1386 1503 1459 annis
1534 1386 1607 1457 ‘122
1622 1383 1756 1457 -724
1789 1381 1853 1456 vel
1885 1381 2096 1458 'lii—‘125

501 1502 642 1600 scripta
665 1523 751 1575 esse
776 1499 989 1599 videantur,
1012 1499 1113 1574 unde
1138 1503 1379 1599 consequitur
1402 1499 1603 1576 editionem
1627 1501 1837 1574 carminum
1871 1497 1919 1574 ab
1940 1497 2097 1575 Horatio

500 1623 589 1692 ante
613 1641 754 1692 annum
779 1619 854 1691 724
878 1617 941 1692 vel
967 1617 1041 1692 725
1065 1617 1204 1692 factam
1228 1641 1302 1693 non
1327 1641 1424 1699 csse.
1469 1615 1557 1693 Jam
1580 1617 1791 1715 videamus,
1814 1639 1906 1690 num
1931 1617 2020 1715 quid
2047 1641 2096 1692 ex

501 1735 637 1812 iisdem
662 1734 784 1811 tribus
809 1735 914 1812 libris
937 1739 1147 1810 carminum
1172 1735 1297 1810 afferri
1321 1739 1453 1836 possit,
1478 1734 1578 1834 quod
1603 1734 1699 1808 hanc
1724 1737 1949 1809 sententiam
1974 1735 2098 1810 elevet

504 1861 618 1950 atquc
652 1858 808 1928 evertat.
858 1856 986 1953 Atque
1022 1855 1122 1955 quod
1157 1855 1345 1932 Frankius
1380 1881 1414 1956 p.
1447 1858 1495 1930 63
1530 1858 1738 1930 carminum
1776 1853 1976 1930 editionem
2009 1861 2098 1930 aute

503 1993 537 2042 a.
562 1967 698 2064 ‘131st23
723 1969 860 2043 facmm
887 1995 973 2046 esse
999 1976 1159 2071 putavit,
1184 1972 1285 2072 quod
1309 1971 1534 2047 Marcellum
1560 1970 1741 2047 Octaviae
1768 1975 1906 2048 sororis
1930 1972 2101 2071 Augusti

503 2087 623 2160 tilium
645 2085 708 2160 illo
731 2111 828 2162 anno
852 2097 1093 2186 praematura
1117 2095 1239 2164 morte
1263 2088 1510 2189 absumptum
1534 2087 1714 2164 Horatius
1748 2088 1901 2188 lugubri
1933 2092 2097 2164 carmine

502 2228 576 2278 non
598 2209 823 2302 prosecutus
849 2207 910 2302 sit,
935 2205 974 2279 id
997 2231 1152 2306 prorsus
1176 2205 1280 2280 nihili
1304 2205 1581 2282 aestimandum
1611 2228 1697 2280 esse
1729 2205 1859 2282 iudico.
1910 2206 2097 2305 Equidem

502 2325 602 2395 anim
621 2320 821 2395 Horatium
845 2345 974 2396 meum
999 2323 1233 2398 inficetorum
1261 2325 1561 2398 versificatorum
1582 2347 1713 2398 omnes
1734 2347 1826 2398 suae
1850 2331 1889 2398 et
1908 2325 2096 2398 fautorum

505 2463 661 2515 suorum
686 2441 789 2513 vitae
814 2465 927 2516 casus
954 2466 1083 2518 crassa
1108 2442 1224 2518 Musa
1249 2443 1516 2517 illustrantium
1537 2441 1632 2516 adeo
1653 2466 1726 2516 non
1750 2442 1911 2516 similem
1930 2445 2100 2541 cognovi,

506 2563 551 2630 ut
575 2579 626 2629 ex
648 2556 714 2628 tali
740 2557 887 2632 silentio
912 2560 1118 2660 quidquam
1144 2561 1266 2660 colligi
1292 2583 1404 2659 posse
1430 2583 1574 2658 negem.

625 2674 720 2749 Plus
755 2675 930 2774 ponderis
969 2678 1083 2753 hebet
1120 2679 1281 2753 alterum
1318 2684 1603 2776 argumentum,
1640 2677 1740 2776 quod
1776 2676 1876 2751 idem
1910 2677 2098 2752 Frankius

501 2817 537 2892 p.
550 2794 611 2888 6‘2,
634 2791 912 2892 Venderburgii
931 2801 1295 2895 argumentationem
1310 2802 1477 2893 secutus,
1504 2818 1554 2868 ex
1567 2795 1700 2869 Licinii
1714 2796 1895 2870 Varronis
1913 2795 2099 2870 Murenae

503 2909 730 2984 turbulentis
755 2913 920 2987 consiliis
945 2917 1120 3013 tristique
1144 2914 1224 2988 fato
1249 2917 1435 3012 repetivit.
1484 2912 1596 2986 Hunc
1634 2918 1731 2986 enim
1759 2916 1882 2988 virum
1908 2911 2100 2987 nobilissi-

503 3052 610 3101 mum
634 3030 672 3100 in
698 3031 951 3128 suspicionem
976 3034 1240 3107 coniurationis
1266 3055 1354 3105 cum
1380 3030 1524 3105 Fannio
1559 3029 1746 3128 Caepione
1777 3036 1905 3105 contra
1936 3031 2096 3104 salutem

502 3143 680 3220 Caesaris
706 3145 875 3244 Augusti
909 3174 942 3222 a
968 3149 1105 3248 resset
1131 3151 1244 3223 initae
1269 3151 1421 3222 venisse
1448 3155 1486 3220 et
1511 3151 1735 3222 auctoritate
1762 3146 1911 3247 publiea
1936 3169 2098 3246 oppres-

503 3288 592 3338 sum
616 3262 868 3362 Maecenatis,
902 3269 967 3364 qui
1000 3290 1169 3342 sororem
1201 3271 1284 3342 eius
1315 3271 1352 3340 in
1389 3269 1670 3341 matrimonium
1703 3264 1883 3364 duxerat,
1922 3265 2098 3364 precibus

502 3383 652 3455 reiectis
670 3381 911 3457 interfectum
929 3407 1016 3459 esse
1037 3385 1111 3460 Dio
1132 3387 1192 3482 54,
1217 3385 1252 3484 3,
1276 3385 1445 3460 Velleius
1469 3388 1504 3484 2,
1529 3388 1589 3482 91,
1615 3381 1820 3458 Suetonius
1834 3384 1933 3482 Aug.
1954 3388 2013 3481 ltl,
2038 3385 2099 3482 66,

503 3497 584 3572 Tib.
608 3499 651 3596 8,
688 3492 834 3572 Seneca
859 3499 906 3574 de
931 3501 1038 3580 clena
1065 3503 1087 3575 9
1114 3505 1316 3576 memoriae
1341 3499 1593 3600 prodiderunt.
1645 3498 1735 3573 lnde
1760 3503 1841 3572 veri
1867 3499 1988 3574 simile
2013 3522 2100 3574 esse

504 3613 692 3690 Frankius
718 3616 868 3718 collegit
892 3618 1110 3718 Horatium,
1146 3624 1180 3696 si
1210 3629 1298 3720 post
1321 3644 1463 3694 annum
1488 3620 1561 3693 732
1586 3620 1753 3691 earmina
1781 3615 1977 3714 edidisset,
2003 3616 2098 3692 dues

502 3731 595 3807 odas
622 3736 661 3805 in
694 3734 874 3808 honorem
898 3737 1034 3811 Licinii
1067 3737 1252 3812 Murenae
1286 3737 1325 3812 11
1361 3740 1409 3812 10
1433 3747 1472 3810 et
1496 3737 1553 3810 111
1580 3739 1626 3810 19
1654 3757 1951 3834 suppressurum
1977 3757 2099 3832 neque

502 3855 541 3926 in
565 3875 703 3950 eorpus
734 3856 943 3926 carminum
977 3854 1274 3954 evulgandorum
1309 3861 1552 3953 recepturum
1584 3855 1723 3951 fuisse,
1756 3857 1978 3950 praesertim
2011 3877 2099 3926 cum

502 3995 578 4044 non
612 3967 735 4044 solum
769 3971 958 4070 Augusti,
996 3997 1132 4046 verum
1168 3978 1280 4046 ctiam
1306 3973 1540 4047 Maecenatis
1573 3975 1740 4046 animum
1771 3994 1818 4044 ne
1851 3969 2099 4068 offenderet¹)

500 4085 711 4162 verendum
733 4089 768 4159 ei
785 4087 907 4160 fuerit.
944 4089 1045 4163 Huic
1069 4097 1304 4189 argumento,
1327 4097 1438 4164 acute
1465 4113 1555 4163 sanc
1581 4092 1746 4186 invento,
1771 4113 1844 4162 non
1870 4092 1924 4162 ita
1949 4089 2099 4164 obviam

501 4206 583 4306 ibo,
607 4213 652 4281 ut
675 4209 774 4281 sicut
799 4205 1009 4281 Homerum
1034 4208 1233 4308 aliquando
1259 4207 1507 4306 dormitasse,
1532 4211 1586 4280 ita
1609 4207 1809 4280 Horatium
1834 4205 2099 4280 verecundiam

505 4349 788 4423 nonnumquam
814 4323 1036 4423 deposuisse
1062 4325 1181 4400 dicam
1208 4333 1246 4400 et
1271 4325 1319 4400 ad
1337 4325 1574 4399 decantatum
1592 4323 1682 4398 illud
1703 4331 1842 4398 Catenis
1865 4329 1977 4398 nobile
2000 4331 2099 4398 lemn

482 4449 510 4511 >

611 4588 639 4652 1)
658 4586 738 4643 Seite
755 4584 812 4640 hoe
829 4584 951 4640 6666666
973 4591 1076 4640 eontra
1099 4585 1253 4642 fastidiosa
1270 4587 1381 4642 indicia
1398 4602 1579 4641 morosornm
1597 4585 1850 4658 grammaticorum
1876 4580 2006 4638 defendit
2023 4581 2100 4638 Hek-

507 4674 630 4731 stainins
647 4675 677 4728 in
695 4672 808 4730 Scholis
824 4673 994 4731 Horatianis
1011 4691 1040 4744 p.
1059 4673 1158 4728 2-1t

609 4761 638 4830 2)
655 4761 816 4819 neeman
833 4763 1000 4818 memoriam
1013 4762 1119 4818 Licinii
1136 4764 1337 4818 remseitatam
1349 4762 1496 4834 ingratam
1508 4760 1637 4816 futuram
1649 4759 1749 4830 fnisse,
1768 4775 1805 4816 ex
1820 4759 1856 4815 iis
1871 4759 1973 4816 merito
1986 4758 2099 4814 conclu-

506 4850 576 4906 dere
593 4849 741 4919 videntur,
761 4866 835 4922 qnae
852 4850 890 4908 de
907 4851 1043 4922 Angusto
1061 4851 1125 4909 eins
1143 4851 1379 4922 deprecationem
1396 4851 1571 4921 neglegente
1590 4855 1621 4904 et
1637 4847 1793 4906 Terentiae
1810 4848 1895 4902 uxori
1913 4851 2100 4904 succensente

504 4938 676 4996 rettulerunt
691 4938 812 4995 &snas
832 4939 890 4995 Dio
907 4941 958 5012 54,
983 4941 1016 4996 3:
1042 4937 1125 4994 ὀὐδὲ
1150 4942 1307 5010 ἐπξριεσεν
1330 4944 1368 5012 aqi
1389 4941 1532 5010 Μουρήνᾳ
1558 4937 1623 4993 οὔτε
1648 4934 1664 4993 e‘
1686 4937 1879 5010 Ilpeaoviq'rec
1903 4931 2031 5008 α’δελφδς
2057 4931 2100 4990 ὃν

503 5024 570 5081 οοίε
587 5023 769 5093 desuadeas
786 5029 820 5100 ej
838 5025 950 5104 α’δεὶφῇ
971 5027 1059 5083 αὐτοῦ
1078 5031 1235 5091 συνοικῶν,
1253 5035 1357 5100 καίπερ
1374 5031 1409 5083 de
1426 5023 1460 5081 sd
1478 5029 1579 5096 πρᾶτα
1598 5021 1655 5080 dud
1672 5029 1722 5080 τοῦ
1735 5021 1908 5098 Αὐγούστου
1926 5021 2103 5098 προέμενοι)

503 5115 660 5174 &maim
676 5114 754 5185 Aug.
773 5115 824 5169 es:
854 5112 1055 5172 ‘Desideravit
1070 5114 1502 5188 sugnens...1ueeaatis
1519 5113 1759 5184 taciturnitatem,
1786 5127 1850 5168 enm
1873 5117 2099 5170 ...secretus

504 5203 543 5259 de
560 5208 709 5275 comperta
725 5204 864 5260 amm
887 5207 1084 5262 coniuratione
1100 5205 1185 5261 uxori
1202 5205 1360 5261 Terentiae
1384 5199 1578 5273 prodidisset?
1613 5201 1723 5258 Eodem
1741 5202 1887 5272 pertinere
1904 5200 2023 5257 ridetur
2041 5199 2098 5258 Die

503 5291 548 5362 54,
567 5295 616 5348 19:
644 5296 683 5364 aqi
702 5293 840 5364 Μωίνᾳ
857 5288 909 5347 διδ
926 5290 978 5360 rs'r
994 5306 1118 5366 reniae
1135 5290 1237 5350 ee'add'
1255 5290 1367 5363 ὁμοίως
1384 5293 1501 5364 ἔχαιρεν
1517 5288 1696 5363 Λῦγουσιος.
1995 5285 2011 5300 ”
