4914 6454
570 789 617 862 26

565 992 675 1060 turae
698 1007 813 1060 suum
838 983 1023 1059 calculum
1050 981 1196 1056 adicere
1222 981 1409 1078 dubitent3
1448 981 1549 1056 unde
1575 985 1640 1080 qui
1664 984 1870 1058 novissime
1899 982 1987 1058 huic
2013 983 2171 1056 carmini

569 1126 723 1202 operam
731 1109 928 1200 naverunt,
936 1100 1190 1198 Kiesslingius
1204 1103 1242 1172 in
1252 1099 1330 1173 lnd.
1340 1099 1425 1173 lect.
1436 1099 1716 1200 Gryphiswald.
1729 1125 1763 1174 a.
1777 1099 1887 1199 1874,
1898 1099 2170 1176 Haeussncrus

568 1226 608 1298 in
641 1245 765 1320 progr.
799 1244 927 1320 gymn.
950 1217 1218 1317 Friburgensis
1243 1243 1276 1291 a.
1303 1218 1420 1314 1876,
1456 1216 1682 1293 Schuetzius
1708 1219 1746 1291 in
1773 1216 1932 1292 editione
1958 1220 2170 1292 carminum

569 1365 604 1414 a.
623 1341 720 1415 1874
737 1361 894 1438 prorsus
912 1337 1004 1414 alias
1022 1343 1105 1414 vias
1122 1341 1283 1438 ingressi
1302 1345 1403 1414 sunt.
1437 1339 1584 1413 Verum
1602 1337 1701 1436 quod
1721 1337 1941 1437 Madvigius
1957 1341 1997 1411 in
2017 1340 2170 1437 optimis

571 1455 761 1530 codicibus
793 1454 1017 1556 Kellerianis
1049 1481 1123 1532 non
1157 1463 1284 1531 celeres
1314 1461 1436 1550 sudat,
1473 1455 1541 1530 sed
1577 1463 1712 1530 celcris·
1729 1462 1815 1550 [αμα
1850 1461 2049 1530 exaratum
2082 1479 2170 1530 esse

571 1577 727 1670 monuit,
754 1571 927 1669 equidem
952 1577 1005 1648 ita
1029 1574 1242 1673 comprobo,
1267 1581 1310 1648 ut
1335 1575 1491 1648 lectione
1517 1575 1580 1648 illa
1604 1597 1678 1648 non
1705 1579 1873 1649 correcta
1898 1572 1965 1648 sed
1992 1577 2170 1674 reposita,

570 1694 699 1766 eiectis
723 1696 852 1762 autem
878 1691 1054 1768 versibus
1080 1692 1311 1790 interpolatis
1342 1694 1388 1766 17
1415 1700 1453 1765 et
1479 1692 1528 1768 28
1548 1691 1705 1766 Horatio
1733 1714 1844 1765 suam
1867 1714 2021 1764 manum
2041 1689 2170 1764 re'ddi-

572 1809 674 1882 disse
699 1805 792 1878 mihi
816 1806 956 1882 videar.

695 1923 879 1998 Eiusdem
906 1924 989 1999 libri
1016 1929 1140 2023 quarti
1162 1949 1312 1999 carmen
1331 1925 1540 2000 secundum
1560 1917 1610 2000 ad
1632 1926 1754 2002 tilium
1774 1925 1830 2000 M.
1851 1925 2006 2001 Antonii
2029 1929 2170 2000 triurn-

573 2045 646 2117 viri
672 2045 853 2141 scriptum
878 2065 963 2116 esse
985 2043 1206 2118 scholiastae
1227 2046 1432 2118 memoriae
1449 2043 1705 2143 tradiderunt;
1730 2044 1887 2143 plenum
1906 2049 2035 2118 autem
2054 2043 2168 2120 huius

574 2162 647 2234 viri
671 2183 805 2234 nomen
834 2166 870 2234 C.
896 2166 1023 2235 dulium
1047 2167 1226 2236 Antonium
1256 2162 1375 2238 fuisse
1413 2169 1451 2234 et
1476 2161 1646 2236 codicum
1671 2166 1899 2262 optimorum
1924 2161 1997 2237 fide
2023 2169 2170 2238 constat

573 2286 613 2357 et
634 2278 802 2378 lapidum
819 2303 1135 2377 nummorumque
1156 2279 1276 2354 titulis
1294 2278 1340 2353 ab
1354 2277 1428 2353 Ad.
1442 2279 1670 2380 Kiesslingio
1688 2285 1727 2354 in
1748 2279 1828 2354 Iud.
1846 2279 1931 2354 lect.
1950 2280 2167 2380 Gryphisw.

573 2425 607 2473 a.
641 2399 737 2472 1876
773 2397 1034 2472 confirmatum
1067 2406 1137 2472 est.
1187 2397 1384 2496 Refragari
1418 2399 1568 2474 videtur
1605 2423 1706 2476 unus
1744 2399 1956 2474 versiculus
1990 2397 2170 2474 Horatia·

575 2541 647 2592 nus
672 2517 739 2616 IV,
765 2519 799 2614 2,
825 2519 867 2590 2:

1000 2613 1189 2682 Pindarum
1212 2616 1360 2697 pauperia
1381 2591 1489 2681 dadai
1511 2613 1685 2700 aemulari,

999 2721 1089 2804 Jule,
1112 2724 1233 2788 ccctis
1255 2741 1314 2806 ope
1336 2718 1510 2788 Daedalea

998 2829 1121 2896 aititur
1143 2830 1266 2913 pearata

573 2989 673 3065 unde
706 2991 930 3086 interpretes
967 2994 1005 3061 et
1039 2987 1201 3062 editores
1233 2985 1323 3058 nihil
1357 3011 1431 3060 non
1465 2989 1548 3060 sive
1584 2981 1814 3060 emendando
1846 2989 1929 3060 sive
1961 2985 2171 3084 argutando

574 3105 695 3181 moliti
716 3110 816 3180 sunt.
868 3104 1027 3178 Rectam
1048 3107 1149 3178 viam
1171 3103 1242 3177 hoc
1268 3102 1348 3177 loco
1373 3106 1675 3201 praemonstrant
1700 3098 1846 3176 codices
1871 3105 2035 3200 optimae
2060 3107 2171 3178 notae

572 3223 734 3299 Parisini
763 3251 791 3319 φ
818 3228 858 3296 et
882 3249 933 3322 ψ,
966 3245 1176 3321 quoscum
1209 3219 1382 3295 omnibus
1417 3221 1495 3294 lere
1527 3221 1618 3294 locis
1652 3220 1866 3316 conspirent
1887 3217 2062 3296 Kellerus
2095 3245 2171 3296 una

380 3327 382 3332 ¹
490 3441 492 3444 ι
575 3339 732 3416 literaF
753 3338 954 3414 denotavit.
995 3339 1169 3436 Namque
1191 3336 1291 3436 quod
1307 3339 1346 3410 in
1362 3338 1435 3412 illis
1455 3336 1645 3412 codicibus
1666 3338 1848 3434 scriptum
1866 3345 1994 3413 exstat
2010 3345 2109 3435 dalle,
2133 3341 2172 3416 id

575 3482 626 3533 ex
650 3457 761 3557 plena
786 3456 907 3531 forma
931 3463 1022 3532 delia
1044 3459 1098 3530 ita
1124 3456 1374 3530 deformatum
1401 3463 1471 3553 est,
1496 3460 1540 3528 ut
1564 3454 1672 3527 litera
1697 3460 1713 3527 r·
1738 3455 1875 3532 vocalis
1896 3460 2062 3557 primum
2083 3462 2172 3558 pin-

574 3579 792 3675 guesceret,
829 3573 961 3648 deinde
995 3571 1229 3647 antecedenti
1261 3573 1391 3646 literae
1426 3577 1440 3646 l
1472 3568 1758 3646 adsimilaretur.
1809 3573 1900 3650 Sive
1925 3584 2055 3652 autem
2079 3576 2172 3652 illud

575 3698 666 3768 Jaltr
685 3691 841 3768 Horatio
862 3690 1020 3766 reddere
1042 3695 1125 3766 sive
1147 3696 1239 3766 Julic
1259 3689 1423 3764 scribere
1445 3688 1634 3786 malueris,
1661 3689 1791 3765 eadem
1813 3701 1914 3768 certe
1934 3693 2083 3770 licentia
2101 3695 2172 3770 hoc

576 3809 657 3885 loco
675 3815 827 3909 poetam
843 3832 958 3884 usum
975 3832 1060 3885 esse
1077 3807 1270 3905 concedes,
1295 3830 1370 3904 qua
1392 3804 1463 3882 Od.
1486 3825 1531 3881 111
1556 3808 1592 3903 4,
1615 3809 1676 3878 41.
1719 3811 1875 3911 1116,6
1928 3809 2168 3912 sat.1rs,1

578 3951 667 4003 eum
692 3950 807 4002 usum
832 3947 918 4000 esse
943 3931 1101 4000 constat.
1945 3923 1954 3938 ⁰

1086 5263 1199 5314 uncins
1210 5261 1386 5316 vindelicorum,
1399 5261 1470 5314 'rypu
1482 5261 1505 5302 J.
1518 5260 1542 5300 Ρ.
1556 5255 1672 5304 mummi.
