4914 6454
558 911 581 982 6

557 1103 649 1177 here
675 1125 818 1200 vereor,
843 1103 897 1174 ita
920 1123 995 1173 una
1020 1103 1057 1172 in
1084 1123 1126 1172 re
1152 1103 1389 1200 gravissima,
1416 1101 1514 1199 quod
1541 1107 1750 1177 carminum
1774 1104 1889 1180 libros
1910 1111 1990 1180 tres
2013 1109 2158 1204 priores

558 1227 645 1295 ante
664 1245 804 1295 armum
823 1219 959 1317 730J24
977 1215 1097 1292 editos
1121 1241 1207 1292 esse
1225 1222 1383 1316 censuit,
1406 1225 1444 1293 et
1465 1223 1591 1320 ipsum
1611 1244 1758 1296 errasse
1781 1229 1819 1296 et
1840 1223 1932 1298 alios
1953 1226 1992 1296 in
2012 1246 2158 1298 errores

558 1339 755 1414 induxisse
782 1359 1008 1436 persuasum
1032 1335 1162 1410 habeo.
1208 1336 1316 1410 Hono
1341 1339 1455 1434 igitur
1480 1362 1562 1412 rem
1587 1341 1799 1414 accuratius
1826 1341 2015 1439 explicare
2040 1365 2158 1440 argu-

558 1459 771 1555 mentisque
796 1458 849 1528 ita
875 1455 1094 1528 confirmare
1115 1456 1152 1526 in
1175 1457 1343 1526 animum
1368 1453 1511 1553 induxi,
1537 1463 1581 1530 ut
1597 1457 1721 1532 oblata
1743 1461 1938 1532 occasione
1961 1463 2090 1532 uterer
2112 1457 2160 1532 ad

558 1578 650 1652 alios
661 1595 810 1672 quoque
818 1571 1015 1646 nonnullas
1023 1575 1264 1668 quaestiones
1275 1571 1503 1648 Horatiana-s
1515 1574 1754 1650 illustrandos
1768 1583 1882 1672 atque
1896 1574 2159 1672 expediendas.

685 1693 785 1764 lnter
819 1687 975 1762 odarum
1007 1688 1188 1762 librorum
1224 1691 1341 1761 trium
1374 1693 1542 1786 priorum
1575 1697 1613 1765 et
1652 1693 1896 1791 epistolarum
1930 1692 2014 1767 libri
2048 1697 2159 1792 primi

555 1821 726 1910 temporo
749 1831 846 1906 quae
872 1811 967 1882 ratio
992 1807 1250 1904 intercederet,
1276 1830 1326 1880 ex
1355 1808 1505 1884 duobus
1532 1813 1698 1883 maxime
1724 1813 1956 1908 argumentis
1979 1810 2158 1909 colligen-

556 1930 647 2003 dmn
674 1951 759 2002 esse
785 1929 857 2000 viri
885 1925 985 2000 docti
1009 1931 1246 1998 censuerunt
1288 1927 1465 2001 Alterum
1489 1931 1621 2001 nititur
1647 1927 1853 2002 decantatis
1879 1927 2056 2002 versibus
2084 1952 2156 2002 ex-

556 2059 700 2121 tremae
727 2045 907 2144 epistolae
931 2042 1015 2117 libri
1041 2047 1150 2141 primi
1176 2044 1316 2142 (Epist.
1341 2045 1370 2143 I,
1398 2046 1457 2144 20,
1483 2045 1644 2144 26-8):

881 2177 981 2244 Forte
1003 2201 1110 2246 meam
1132 2183 1163 2246 si
1186 2184 1259 2263 quis
1281 2185 1312 2247 tc
1331 2181 1581 2264 percontabitur
1604 2201 1727 2262 aevom,

883 2286 939 2352 Me
963 2289 1079 2368 quater
1101 2288 1248 2354 aradenos
1269 2292 1354 2354 sciat
1376 2289 1551 2372 inplemase
1574 2287 1778 2370 Decembres,

884 2391 1044 2479 Goltepom
1066 2391 1233 2475 Lepidum
1256 2415 1317 2476 qao
1342 2395 1429 2461 dicit
1451 2395 1581 2462 Lollires
1604 2415 1703 2462 cono.

557 2523 656 2595 Nom
692 2545 779 2594 cum
809 2527 847 2592 et
880 2524 992 2616 poeta
1022 2518 1092 2590 hac
1119 2519 1277 2616 epistola
1300 2521 1480 2592 vicesima
1504 2521 1700 2594 consilium
1726 2523 1836 2618 primi
1861 2518 1945 2593 libri
1970 2521 2009 2590 in
2033 2518 2157 2592 lucem

557 2638 752 2714 emittendi
783 2638 929 2736 aperire
963 2634 1138 2708 videatur
1174 2643 1211 2708 et
1243 2634 1295 2707 M
1322 2635 1485 2708 Lollium
1520 2637 1565 2728 Q.
1599 2639 1803 2712 Aemilium
1840 2637 2028 2735 Lepidum
2061 2661 2158 2711 anno

556 2785 593 2833 u.
615 2783 644 2832 c.
666 2771 873 2832 Dcoxxxm
894 2755 977 2827 sive
999 2777 1029 2825 a.
1055 2751 1122 2826 Ch.
1148 2777 1181 2826 n.
1207 2770 1278 2826 xxr
1303 2754 1478 2827 consules
1505 2754 1624 2829 factos
1647 2779 1732 2830 esse
1752 2755 1875 2830 Cassii
1893 2757 2025 2831 Dionis
2047 2759 2106 2854 54,
2133 2761 2156 2828 6

557 2881 594 2948 et
620 2876 805 2950 fastorum
829 2870 1083 2946 consularium
1114 2873 1341 2945 testimoniis
1374 2871 1613 2970 exploratum
1645 2876 1712 2969 sit,
1745 2873 1989 2971 epistolarum
2019 2873 2156 2946 librum

555 2996 722 3092 primum
747 2993 844 3062 inter
869 3012 1039 3062 mensem
1064 2989 1315 3062 Decembrem
1340 2990 1454 3064 huius
1485 2993 1572 3062 anni
1598 2989 1832 3088 eundemque
1860 3013 2030 3062 mensem
2053 2991 2157 3064 inse-

558 3113 707 3208 quentis
733 3111 820 3183 anni
847 3111 885 3180 iu
910 3107 1034 3181 lucem
1062 3106 1205 3180 editum
1232 3129 1317 3181 esse
1344 3114 1568 3182 statuerunt.
1613 3107 1789 3179 Alterum
1815 3111 2080 3204 argumentum
2107 3128 2155 3178 ex

556 3227 788 3327 lepidissima
822 3225 979 3324 epistola
1012 3224 1157 3298 decima
1190 3229 1301 3298 tertia
1333 3226 1502 3300 eiusdem
1526 3225 1612 3299 libri
1636 3228 1837 3322 repetitur,
1876 3247 1950 3321 qua
1975 3224 2156 3300 Horatius

557 3353 668 3446 poeta
694 3344 849 3418 Vinium
876 3342 1062 3442 quendam
1090 3342 1259 3416 Asellam
1295 3346 1441 3440 signata
1468 3343 1660 3418 volumino
1685 3340 1840 3416 Caesari
1866 3343 2042 3440 Augusto
2067 3342 2156 3416 red-

557 3465 707 3538 dentem
734 3462 883 3536 inducit.
935 3461 1089 3534 Etenim
1116 3459 1215 3558 quod
1242 3466 1280 3533 et
1305 3463 1469 3533 carmina
1495 3463 1548 3558 (v.
1575 3459 1640 3557 Π)
1666 3459 1771 3532 illum
1798 3460 1981 3533 ferentem
2004 3461 2093 3533 facit
2119 3467 2158 3533 et

555 3583 690 3681 plurali
716 3605 873 3654 numero
895 3579 1129 3653 voluminum
1155 3581 1286 3676 utitur,
1312 3585 1606 3652 consentaneum
1633 3600 1718 3652 esse
1744 3577 1904 3676 videtur,
1930 3584 1974 3652 ut
2002 3585 2152 3676 poetam

557 3701 712 3774 odarum
738 3697 842 3772 libris
867 3696 990 3771 tribus
1018 3697 1224 3795 prioribus,
1259 3719 1354 3793 quos
1386 3701 1473 3768 ante
1503 3703 1680 3794 quartum
1712 3696 1848 3771 librum
1883 3701 2043 3796 scriptos
2071 3719 2157 3770 esse

557 3843 643 3892 cum
665 3825 880 3914 temporum
904 3815 1110 3889 rationibus
1131 3822 1215 3890 tum
1234 3809 1403 3888 Suetonii
1427 3817 1466 3886 in
1483 3815 1574 3888 Vita
1590 3815 1736 3889 Horatii
1760 3819 1974 3890 testimonio
1998 3821 2158 3910 constat,

556 3938 652 4010 hanc
679 3934 875 4034 epistolam
902 3937 1077 4007 comitem
1102 3932 1251 4007 dedisse
1275 3933 1505 4032 colligamus.
1552 3933 1638 4007 Jam
1664 3959 1752 4007 cum
1782 3935 1978 4031 epistolam
2004 3936 2157 4005 tertiam

558 4054 740 4128 decimam
767 4059 853 4124 ante
880 4053 1119 4149 vicesimam,
1155 4058 1209 4124 ut·
1224 4075 1320 4149 quae
1347 4052 1592 4149 epistolarum
1617 4073 1753 4149 agmen
1777 4051 1926 4125 claudat
1949 4058 1988 4123 et
2014 4052 2157 4147 episto-

556 4172 679 4245 larum
711 4169 849 4244 librum
883 4167 1015 4242 edendi
1052 4169 1248 4242 consilium
1283 4172 1485 4266 contineat,
1520 4170 1767 4266 compositam
1798 4191 1883 4242 esse
1916 4173 2062 4240 certum
2098 4169 2159 4262 sit,

557 4288 715 4363 odarum
741 4288 855 4362 libros
882 4293 961 4362 tres
988 4289 1131 4385 priores
1156 4311 1230 4360 non
1257 4287 1379 4360 solum
1403 4294 1490 4360 ante
1511 4285 1689 4385 epistolas
1712 4287 1923 4384 evulgatas,
1949 4283 2017 4358 sed
2043 4287 2157 4358 etiam

557 4418 643 4480 ante
670 4433 701 4481 a.
728 4407 884 4506 734s20,
918 4405 1029 4480 modo
1055 4413 1156 4480 recte
1181 4405 1270 4479 huic
1295 4431 1390 4480 anno
1424 4407 1666 4505 epistolarum
1697 4405 1783 4480 libri
1813 4405 1924 4501 primi
1959 4401 2157 4476 editionem

556 4523 859 4623 adsignavimus,
900 4526 937 4596 in
978 4523 1102 4597 lucem
1144 4523 1263 4598 editos
1302 4547 1388 4598 esse
1431 4527 1682 4622 consequitur.
1736 4524 1863 4619 Atque
1897 4524 2011 4620 priori
2044 4521 2156 4594 huius

556 4644 803 4717 conclusionis
838 4645 934 4742 parti
966 4640 1058 4715 illud
1091 4645 1243 4739 'quoquc
1277 4643 1398 4740 favet,
1432 4641 1530 4740 quod
1556 4641 1737 4716 Horatius
1766 4644 1805 4712 in
1832 4639 1991 4738 epistola
2015 4637 2158 4712 decima

555 4784 672 4858 nona,
709 4760 921 4834 Maecenati
955 4761 1017 4834 illa
1056 4760 1209 4858 quidem
1247 4765 1384 4859 missa,
1422 4785 1495 4859 quo
1531 4767 1641 4860 pacto
1678 4785 1748 4835 sua
1780 4763 1944 4834 carmina
1977 4757 2158 4833 invidiam

555 4881 886 4978 grammaticorum
913 4885 951 4951 et
976 4882 1208 4953 imitatorum
1234 4883 1362 4977 inepta
1388 4878 1513 4953 studia
1540 4883 1799 4978 excitaverint,
1826 4878 1966 4951 urbane
1993 4879 2156 4974 exponit.

557 4996 642 5089 Quo
671 5000 770 5072 enim
796 4998 878 5068 iure
903 4997 1021 5071 verba
1043 5003 1194 5091 „Portos
1233 5021 1293 5090 epo
1324 4987 1457 5090 primur
1489 5002 1621 5072 iambos
1657 5005 1788 5072 ostendi
1821 5001 1946 5070 rator
1978 4994 2026 5068 ad
2059 4997 2158 5066 iam·

555 5117 691 5191 borum
714 5117 795 5188 sive
822 5113 1027 5213 epodorum
1052 5117 1189 5191 librum
1215 5119 1438 5191 universum
1471 5118 1716 5212 rettulerunt,
1751 5113 1882 5190 eodem
1914 5117 1995 5187 iure
2030 5109 2156 5187 verbis

554 5240 739 5328 „Alcaeum
774 5255 833 5326 epo
868 5256 935 5306 oon
966 5239 1037 5307 olio
1068 5240 1193 5308 dictum
1221 5241 1321 5326 prius
1352 5259 1412 5308 ore
1445 5241 1570 5309 latinus
1602 5243 1739 5329 volqooi
1768 5235 1917 5322 fidicco“
1940 5255 2013 5304 non
2037 5253 2157 5302 unum

555 5355 766 5429 alterumve
801 5375 951 5425 carmen
987 5353 1182 5451 melicum,
1217 5351 1284 5428 sed
1318 5377 1437 5428 unum
1472 5354 1651 5453 pluresve
1684 5355 1894 5428 carminum
1926 5348 2041 5422 libros
2075 5350 2157 5423 sive
