4914 6454
1876 924 1899 996 5

297 1123 439 1196 librum
472 1121 634 1195 alterum
668 1120 900 1218 odorumque
935 1127 1113 1217 quartum
1143 1119 1254 1218 longo
1287 1118 1484 1192 intervallo
1510 1125 1596 1216 post
1618 1122 1762 1219 priores
1787 1118 1903 1192 libros

300 1239 420 1314 editos
458 1247 496 1312 et
528 1240 657 1340 populi
693 1240 823 1314 favore
856 1241 932 1312 iam
965 1237 1142 1336 probatos
1179 1239 1438 1335 composuisse
1472 1259 1583 1310 nemo
1616 1261 1689 1310 non
1723 1235 1903 1334 concedit,

300 1379 421 1454 neque
448 1357 625 1455 epistolas
652 1364 740 1430 anta
763 1359 836 1430 tria
856 1355 1012 1430 odarum
1032 1355 1224 1428 volumina
1242 1355 1426 1453 completa
1446 1377 1531 1430 esse
1556 1355 1751 1454 evurlgatas
1769 1378 1900 1430 omnes

299 1473 378 1547 tere
396 1476 468 1546 viri
490 1472 588 1547 docti
611 1496 699 1547 cum
715 1474 885 1548 Bentleio
908 1475 1154 1546 consentiunt.
1180 1470 1268 1548 'Sed
1287 1471 1387 1544 idem
1401 1471 1596 1545 Bentlcius
1618 1495 1739 1569 neque
1756 1471 1803 1545 ab
1828 1495 1902 1544 ex-

299 1591 454 1691 ploratis
480 1591 660 1666 librorum
686 1595 869 1688 cuiusque
893 1588 1130 1688 temporibus
1157 1588 1204 1662 ad
1229 1595 1400 1686 tempora
1426 1591 1634 1662 carminum
1667 1589 1900 1687 singulorum

301 1708 509 1784 delinienda
534 1733 762 1808 progressus
795 1715 855 1782 est
886 1713 923 1780 et
950 1710 988 1780 in
1014 1707 1250 1780 lineamentis
1275 1709 1368 1805 ipsis
1395 1706 1653 1803 chronologiae
1673 1705 1901 1779 Horatianae

301 1826 569 1902 adumbrandis
602 1827 689 1925 plus
723 1851 798 1900 uno
832 1829 980 1900 nomine
1019 1829 1169 1904 erravit.
1220 1825 1321 1899 Nam
1346 1832 1390 1900 ut
1415 1822 1696 1924 angustioribus
1720 1823 1903 1898 limitibus

300 1945 533 2044 singulorum
569 1945 750 2020 librorum
785 1946 1091 2042 compositionem
1126 1944 1172 2017 ab
1213 1967 1257 2018 eo
1289 1946 1611 2041 circumscriptam
1645 1963 1903 2036 annorumque

300 2063 461 2137 calculos
505 2071 641 2160 parum
690 2065 961 2159 circumspecte
1009 2058 1216 2134 subductos
1264 2063 1583 2158 praetermittam,
1627 2057 1784 2132 odarum
1823 2063 1901 2128 tres

298 2181 441 2278 priores
478 2180 594 2254 libros
631 2186 846 2278 temporum
879 2177 1155 2252 discriminibus
1194 2177 1291 2251 falso
1331 2176 1515 2250 disiunxit
1555 2184 1592 2249 et
1629 2174 1901 2275 probabilitatis

299 2298 393 2370 fines
429 2305 614 2396 evagatus
646 2304 724 2394 est,
756 2295 875 2393 quod,
909 2319 998 2368 cum
1029 2295 1176 2369 iambos
1201 2303 1239 2367 et
1265 2294 1356 2369 odas
1383 2302 1471 2393 post
1496 2298 1631 2370 satiras
1653 2295 1753 2368 foras
1781 2291 1902 2366 editas

300 2431 386 2488 esse
411 2421 512 2487 recte
537 2415 805 2512 intellexisset,
836 2419 988 2511 poetam
1013 2414 1189 2485 iuvenem
1215 2412 1262 2486 ab
1288 2414 1415 2512 lyricis
1440 2412 1667 2486 carminibus
1694 2409 1901 2510 pangendis

298 2555 456 2630 prorsus
483 2554 526 2604 se
552 2530 781 2604 abstinuisse
806 2529 996 2610 iudicavit.
1048 2529 1158 2622 Quod
1191 2555 1282 2606 vero
1307 2535 1405 2606 inter
1431 2533 1615 2607 cancellos
1643 2557 1665 2604 a
1692 2554 1733 2604 se
1760 2532 1902 2603 consti-

298 2656 402 2723 tutos
424 2651 590 2722 omnium
613 2652 825 2747 poemation
842 2648 986 2723 natales
1008 2671 1093 2722 esse
1116 2649 1309 2747 ponendos
1335 2673 1385 2722 cx
1408 2653 1642 2748 argumentis
1665 2649 1899 2748 singulorum

299 2770 509 2840 carminum
525 2773 628 2839 etex
644 2766 834 2840 annalium
847 2764 922 2839 fide
937 2771 1111 2840 constare
1132 2765 1237 2864 dixit,
1261 2767 1298 2840 id
1320 2767 1521 2866 superbius
1539 2793 1654 2866 quam
1676 2764 1899 2866 prudentius

300 2909 388 2958 eum
410 2883 554 2958 dixisse
576 2884 870 2958 existimandum
889 2891 959 2981 est,
985 2883 1170 2982 siquidem
1191 2891 1406 2984 temporum
1424 2886 1560 2960 indicia
1582 2912 1606 2959 a
1630 2885 1823 2959 Massonio
1852 2905 1901 2954 ex
1940 2945 1942 2953 ,

297 3005 530 3098 argumentis
544 3003 779 3100 singulorum
793 3003 1000 3074 carminum
1016 3001 1301 3100 diligentissime
1323 3003 1477 3078 collecta
1490 3029 1537 3078 ne
1548 3007 1736 3102 respicere
1749 2999 1902 3099 quidem

299 3121 474 3219 dignatrm
493 3127 561 3200 est,
597 3120 722 3194 Nihilo
740 3122 866 3192 minus
883 3126 988 3192 tanta
1002 3120 1074 3192 fuit
1092 3123 1174 3194 sive
1188 3121 1349 3195 Bentleii
1366 3126 1570 3197 auctoritas
1591 3125 1673 3196 sive
1692 3126 1902 3192 ceterorum

296 3238 570 3337 philologorum
601 3241 752 3336 inertia,
786 3243 830 3310 ut
856 3235 921 3309 diu
944 3239 1169 3335 interpretes
1195 3239 1342 3314 Horatii
1373 3245 1411 3313 in
1434 3241 1655 3315 Bentleiana
1688 3246 1902 3335 temporum

296 3360 439 3432 ratione
451 3360 744 3454 acquiescerent.
779 3354 861 3428 Hoc
876 3353 1030 3428 demum
1045 3357 1196 3430 saeculo
1211 3358 1374 3431 Bentleii
1387 3361 1550 3432 rationes
1565 3381 1652 3431 cum
1665 3356 1760 3431 Car.
1777 3355 1901 3427 Van-

297 3474 596 3573 derburgius
636 3477 674 3546 in
718 3471 877 3548 editione
908 3471 1126 3547 Car-minum
1168 3482 1256 3550 torn.
1296 3477 1315 3550 Ι
1349 3503 1384 3576 p.
1425 3480 1500 3550 314
1536 3501 1613 3574 sqq.
1656 3473 1829 3573 prudenti
1863 3478 1903 3542 et

300 3600 410 3666 cauto
434 3591 571 3666 iudicio
596 3591 821 3665 labefactare
846 3595 1050 3689 coepisset,
1082 3591 1181 3666 Car.
1206 3595 1515 3670 Kirchnerus
1540 3599 1579 3667 in
1605 3589 1900 3685 Quaestionibus

297 3707 513 3782 Horatianis
541 3710 668 3783 subtili
695 3708 946 3806 disputatione
972 3717 1144 3784 evertere
1172 3737 1291 3787 ausus
1319 3719 1388 3793 est,
1429 3712 1506 3788 Sed
1526 3714 1613 3786 licet
1635 3718 1764 3784 contra
1777 3708 1899 3781 Bent-

298 3829 361 3901 leii
386 3827 548 3901 calculos
573 3828 693 3902 multa
714 3827 776 3899 ifle
797 3831 996 3902 verissime
1021 3827 1271 3927 disputaverit
1292 3839 1330 3903 et
1349 3831 1598 3929 plurimarum
1619 3827 1777 3904 odarum
1797 3832 1900 3898 tem-

298 3969 390 4042 pora
429 3948 640 4018 rectissime
678 3947 951 4045 exploraverit,
989 3955 1118 4022 tamen
1152 3972 1275 4046 neque
1316 3973 1447 4023 omnes
1478 3955 1607 4048 partes
1641 3945 1900 4042 chronologiae

296 4063 523 4138 Horatianae
553 4069 796 4162 pertractavit
831 4075 869 4138 et
904 4069 942 4138 in
974 4090 1191 4141 sermonum
1225 4068 1543 4166 epistolarumque
1568 4063 1803 4164 temporibus
1830 4060 1899 4134 de-

294 4180 466 4256 liniendis
492 4184 617 4255 minus
642 4181 799 4255 feliciter
823 4190 1000 4259 versatus
1027 4192 1095 4260 est.
1143 4184 1277 4259 'Potius
1304 4210 1395 4259 vero
1422 4188 1652 4283 quaestionis
1678 4183 1801 4257 denuo
1828 4205 1901 4252 ex-

296 4299 491 4374 cutiendae
510 4303 738 4398 provinciam
756 4303 795 4372 in
815 4324 856 4374 se
877 4306 1019 4400 recepit
1040 4312 1078 4376 et
1103 4307 1253 4402 egregie
1275 4303 1553 4377 administravit
1575 4305 1635 4374 vir
1657 4299 1898 4374 doctissimus

296 4417 394 4492 Car.
427 4416 671 4490 Fraukius
706 4417 802 4494 libro
836 4426 1054 4521 notissimo,
1090 4422 1220 4498 Fastis
1255 4423 1472 4500 Horatianis
1508 4425 1687 4521 inscripto
1727 4427 1766 4493 et
1804 4442 1901 4492 anno

294 4553 549 4611 uncccxxxlx
578 4539 615 4608 in
642 4536 765 4610 lucem
793 4538 903 4637 edito,
931 4545 997 4638 qui
1017 4541 1112 4614 liber
1138 4546 1328 4640 spectanti
1353 4541 1561 4618 disserendi
1586 4541 1832 4638 sagacitatem
1858 4543 1899 4609 et

295 4651 510 4750 disputandi
543 4653 772 4754 diligentiam
807 4680 894 4730 cum
929 4661 1004 4732 iam
1038 4683 1106 4757 per
1146 4685 1188 4734 se
1226 4664 1320 4735 satis
1360 4659 1692 4735 commendationis
1729 4656 1896 4751 haberet,

294 4773 474 4844 maiorem
499 4775 654 4869 insuper
681 4779 942 4849 auctoritatem
968 4778 1125 4875 epistola
1151 4777 1254 4852 Car.
1280 4779 1578 4852 Lachmanni
1609 4775 1755 4849 adiecta
1781 4796 1898 4845 nanc-

292 4895 443 4986 tuaest,
468 4912 543 4985 qua
566 4893 626 4962 vir
647 4891 708 4964 ille
727 4893 1050 4990 praeclarissimus
1076 4919 1117 4970 se
1138 4894 1293 4968 Frankii
1315 4899 1478 4970 rationes
1501 4902 1650 4968 tanturn
1672 4917 1747 4967 non
1769 4913 1900 4965 omnes

293 5004 452 5103 probare
480 5005 693 5081 declaravit.
743 5008 854 5083 Unde
877 5003 1018 5084 facturi]
1047 5019 1127 5110 est,
1162 5021 1206 5086 ut
1231 5014 1400 5112 plerique
1426 5017 1498 5087 viri
1524 5014 1642 5110 docti,
1679 5011 1827 5085 etiamsi
1853 5007 1899 5080 de

292 5124 553 5200 nonnullorum
577 5129 784 5201 carminum
803 5128 1036 5227 temporibus
1062 5128 1334 5204 dubitationem
1355 5135 1553 5231 moverint,
1577 5138 1704 5204 tamen
1727 5126 1897 5202 cardines

292 5244 481 5317 rationum
516 5243 813 5320 Frankianarum
849 5247 1057 5321 convellere
1090 5273 1165 5322 non
1201 5249 1390 5323 auderent.
1442 5250 1632 5350 Equidem
1665 5255 1710 5323 ut
1742 5249 1815 5319 viri
1849 5242 1896 5317 de

293 5361 439 5435 Horatii
476 5365 781 5460 interpretatione
817 5366 1072 5461 promovenda
1111 5370 1345 5444 meritissimi
1385 5368 1488 5442 laudi
1524 5368 1728 5467 quidquam
1767 5364 1895 5439 detra-
