4914 6454
1890 834 1912 906 9

323 1036 468 1116 bantur.
515 1033 668 1108 Etenim
694 1055 844 1106 carmen
869 1030 959 1105 illud
986 1033 1269 1128 suavissimum,
1294 1055 1369 1128 quo
1393 1035 1504 1129 poeta
1530 1031 1748 1107 Venusinus
1774 1032 1914 1134 Vergi-

321 1154 414 1228 lium
435 1175 549 1228 suum
564 1151 735 1226 Athenas
760 1155 953 1248 petentem
977 1149 1112 1224 faustis
1139 1148 1326 1224 ominibus
1351 1150 1603 1248 prosequitur,
1626 1148 1673 1222 ad
1691 1153 1762 1224 iter
1781 1158 1913 1226 extre-

325 1295 433 1346 mum
458 1273 557 1344 vatis
576 1265 774 1341 Mantuani
800 1272 971 1366 spectare
997 1290 1084 1341 cum
1110 1266 1333 1341 scholiastae
1357 1273 1509 1340 veteres
1532 1270 1608 1340 iarn
1633 1269 1916 1370 significassent,

323 1393 550 1463 recentiores
576 1389 801 1484 interpretes
827 1384 905 1458 fere
932 1407 1061 1460 omnes
1087 1385 1410 1458 confirmaverunt.
1455 1384 1538 1458 Hoc
1563 1390 1692 1457 autem
1717 1385 1763 1460 de
1783 1389 1916 1462 itinere

322 1511 453 1580 auctor
478 1505 590 1579 Vitae
616 1503 791 1602 Vergilii,
826 1502 871 1575 de
898 1504 1163 1576 commentario
1188 1501 1326 1575 Donati
1360 1502 1551 1598 sublatae,
1589 1501 1681 1575 haec
1714 1510 1915 1582 memoriae

323 1622 502 1722 prodidit:
537 1645 628 1696 aauo
664 1628 789 1694 actam
822 1627 1097 1712 quiuquagesimo
1131 1625 1278 1693 semum
1294 1617 1323 1717 ¹)
1349 1627 1565 1712 imposituram
1590 1625 1732 1694 acuam
1753 1646 1914 1700 mmmam

323 1763 457 1813 manum
490 1745 609 1812 statutt
639 1746 675 1812 ia
710 1743 892 1811 Graeciam
929 1747 962 1810 ct
993 1745 1029 1810 ia
1063 1741 1180 1810 Asiam
1210 1743 1369 1810 scccdcrc
1402 1743 1613 1827 trtcaaioouc
1644 1745 1802 1814 contiuuo
1833 1749 1918 1819 aila‘l

324 1862 469 1949 amplius
494 1880 596 1948 quam
621 1862 810 1951 cmmdarc,
835 1867 873 1929 ut
896 1860 1030 1945 reliqua
1055 1861 1126 1928 otta
1153 1864 1281 1927 tautum
1303 1857 1540 1946 philosophiae
1564 1867 1728 1930 oacarct:
1755 1866 1817 1933 scd
1841 1885 1915 1936 eum

322 1981 492 2067 impressus
525 1981 590 2048 ttcr
614 1979 751 2049 Albanis
784 1981 990 2048 occurrisset
1013 1979 1159 2066 Aupusto
1195 1975 1239 2044 ab
1273 1979 1402 2046 amcam
1426 1977 1567 2046 Romam
1599 1985 1778 2050 rcocrtcau‘
1809 1984 1915 2054 dest-

322 2103 484 2183 uaretquc
517 2114 585 2166 aaa
619 2095 723 2188 [fort.
757 2100 878 2166 itiacrc
903 2091 1081 2186 Asiatico]
1118 2093 1282 2164 absistere
1315 2101 1416 2181 atquc
1448 2096 1552 2163 ctiam
1577 2116 1647 2166 aaa
1672 2099 1803 2186 radtrc,
1839 2103 1917 2171 dum

321 2213 467 2303 lllcqara
499 2218 646 2284 otmarum
680 2215 839 2302 oppidum
869 2213 1116 2298 ferventissimo
1150 2212 1222 2281 sola
1256 2213 1445 2301 coquatur,
1481 2214 1677 2302 lanquoram
1713 2225 1834 2288 auctus
1868 2227 1918 2290 cst

323 2351 460 2419 cumque
486 2351 554 2401 nou
579 2333 772 2400 iatcrmstsa
800 2333 1020 2418 uamaatr'ouc
1044 2332 1159 2420 aucte,
1200 2332 1250 2398 ita
1276 2335 1314 2398 ut
1333 2332 1475 2418 pravior
1500 2331 1675 2419 aliquanto
1699 2335 1917 2408 Brundisium

324 2450 518 2537 appelleret,
544 2448 604 2517 ubi
628 2447 745 2518 dicbus
767 2450 893 2536 paucis
919 2447 1003 2517 obiit
1026 2448 1078 2516 XI
1092 2447 1167 2516 Kal.
1193 2445 1330 2514 Octobr.
1358 2448 1416 2516 Cu.
1441 2447 1555 2518 Scurio
1581 2451 1618 2539 0.
1645 2451 1801 2524 Lucretio
1828 2475 1911 2526 coss.

323 2558 469 2651 Quodsi
489 2561 681 2660 Vergilius
706 2569 818 2658 pocta
839 2565 924 2635 anni
952 2561 1087 2661 itbslll
1114 2583 1243 2634 mense
1263 2554 1476 2658 Septembri
1500 2565 1580 2637 vita
1604 2564 1777 2665 decessit,
1793 2568 1918 2644 Hora-

323 2681 420 2751 tium
454 2679 609 2754 candido
645 2684 764 2754 amico
802 2681 872 2755 sub
900 2704 1059 2754 vernum
1083 2688 1235 2776 tempus
1262 2677 1432 2753 eiusdem
1457 2683 1544 2754 anni
1567 2684 1639 2755 iter
1662 2683 1833 2760 Atticum
1859 2691 1917 2760 in-

323 2795 506 2894 gredienti
531 2797 627 2870 hanc
652 2796 747 2871 oden
773 2800 1053 2897 propempticon
1074 2799 1224 2871 misisse
1247 2800 1330 2869 veri
1352 2797 1473 2870 simile
1494 2819 1580 2874 esse
1601 2798 1799 2874 duxerunt
1842 2799 1916 2878 Sed

323 2936 409 2984 cum
443 2920 521 2986 tam
554 2914 661 2989 brevi
694 2939 901 3014 paucorum
933 2917 1123 2988 mensium
1157 2916 1297 3013 spatio,
1331 2917 1551 3011 praesertim
1575 2916 1647 2990 illis
1672 2921 1918 3020 temporibus,

323 3030 461 3126 quibus
484 3034 633 3128 vaporis
658 3055 728 3130 ope
752 3035 909 3105 navium
935 3055 1090 3106 cursum
1115 3032 1322 3106 accelerare
1347 3029 1513 3105 nondum
1539 3031 1752 3134 didicerant,
1777 3047 1835 3112 tot
1854 3063 1916 3116 res

325 3151 393 3219 vix
419 3149 548 3222 confici
574 3153 742 3246 potuisse
769 3149 979 3246 videantur,
1013 3151 1134 3247 magis
1161 3147 1479 3247 Vanderburgii²)
1505 3155 1690 3226 sententia
1714 3154 1805 3228 mihi
1826 3179 1917 3254 pro-

321 3265 432 3338 batur
446 3265 605 3365 Vergilii
616 3270 831 3366 ingressum
846 3270 988 3341 itineris
1006 3273 1043 3338 et
1051 3266 1197 3342 Horatii
1211 3270 1517 3365 compositionem
1531 3273 1704 3346 carminis
1717 3272 1764 3345 ad
1777 3299 1916 3349 annum

322 3385 548 3481 proximum,
569 3387 695 3459 sivea.
718 3386 855 3484 734s20
874 3388 1071 3460 reicientis.
1108 3385 1282 3482 Namque
1301 3388 1333 3459 si
1350 3387 1387 3457 in
1400 3410 1495 3460 anno
1513 3391 1647 3462 aetatis
1661 3389 1817 3489 Vergilii
1834 3395 1917 3491 ipso

322 3501 572 3598 computando
581 3503 773 3577 Donatum
788 3527 953 3578 errorem
966 3507 1200 3578 commisisse
1213 3511 1314 3578 recte
1324 3503 1679 3604 demonstravimus,
1693 3512 1917 3586 temeritatis

323 3644 394 3694 non
421 3621 694 3720 incusabimur,
721 3626 754 3696 si
779 3622 941 3696 eundem
966 3625 1274 3721 grammaticum,
1299 3646 1373 3721 qua
1399 3631 1480 3698 erat
1504 3626 1618 3696 animi
1642 3624 1814 3724 levitate,
1846 3653 1916 3702 an-

323 3761 427 3834 num,
452 3761 526 3834 quo
544 3747 694 3837 poetam
714 3746 906 3813 mortuum
925 3762 1010 3813 esse
1029 3743 1235 3838 invenerat,
1260 3740 1307 3814 ad
1322 3745 1394 3815 iter
1410 3744 1601 3840 inceptum
1614 3741 1708 3817 falso
1724 3745 1917 3820 rettulisse

324 3858 579 3932 statuerimus.
617 3856 692 3932 sed
710 3858 779 3931 hac
797 3857 949 3956 quidem
968 3857 1013 3930 de
1031 3881 1072 3930 re
1091 3860 1224 3956 siquis
1243 3881 1353 3933 secus
1370 3858 1602 3957 iudicaverit,
1625 3859 1797 3958 equidem
1811 3863 1916 3936 litem

323 3999 395 4048 non
417 3973 589 4070 movebo,
614 3974 706 4047 illud
728 3975 843 4073 probe
863 3983 984 4074 teneo,
1009 3974 1177 4074 Vergilio
1202 3982 1335 4075 poetae
1361 3980 1466 4076 epico
1492 3983 1706 4050 extremum
1731 3976 1822 4050 illud
1847 3983 1918 4053 iter

324 4095 493 4166 Atticum
519 4091 744 4190 ingredienti
769 4094 839 4170 hoc
866 4119 1016 4169 carmen
1043 4098 1226 4192 scriptum
1253 4119 1348 4170 esse.
1382 4095 1534 4169 Etenim
1559 4097 1592 4168 si
1613 4093 1823 4193 Vergilium
1848 4096 1918 4172 hoc

323 4212 486 4284 carmine
505 4217 606 4282 aaut
627 4218 833 4285 creditum
853 4212 923 4287 dici
946 4216 1194 4311 reputaveris,
1220 4237 1293 4287 non
1314 4217 1499 4312 cogitasse
1517 4236 1604 4285 eum
1626 4210 1671 4284 de
1691 4213 1822 4284 itinere
1846 4212 1918 4285 ali-

324 4326 471 4426 quando
505 4331 542 4400 in
579 4329 775 4403 Graeciam
811 4331 1068 4430 suscipiendo,
1101 4330 1169 4404 sed
1202 4329 1250 4404 ad
1286 4331 1481 4404 consilium
1511 4353 1625 4404 suum
1649 4328 1918 4426 perficiendum

324 4469 410 4520 sese
427 4449 502 4518 iam
520 4449 729 4521 accinxisse
745 4449 813 4522 tibi
833 4449 1087 4548 persuadebis.
1113 4447 1259 4540 Quodsi
1278 4473 1352 4522 non
1364 4448 1422 4524 bis
1438 4449 1635 4523 Graeciam
1654 4471 1740 4520 eum
1763 4451 1918 4546 petiisse

323 4570 390 4638 aut
403 4562 554 4662 petendi
568 4566 763 4640 consilium
777 4570 923 4664 cepisse
935 4570 1018 4665 ipsa
1031 4568 1169 4641 Donati
1184 4566 1299 4640 verba
1316 4569 1409 4640 satis
1422 4574 1550 4665 aperte
1564 4565 1763 4662 declarant,
1789 4571 1918 4664 optare
1982 4652 1984 4658 .

325 4684 450 4779 potius
477 4706 591 4779 quam
617 4683 774 4779 probare
801 4683 980 4778 dixerim,
1007 4687 1149 4783 siquis
1176 4707 1263 4756 oum
1288 4683 1372 4763 Car.
1398 4682 1561 4757 Frankio
1587 4707 1621 4780 p.
1647 4686 1694 4757 65
1723 4689 1760 4755 et
1786 4685 1918 4758 novis-

323 4802 418 4872 simo
448 4799 594 4872 Horatii
632 4802 836 4898 interprete
868 4800 983 4874 Henr.
1018 4796 1217 4874 Schuetzio
1253 4798 1299 4873 de
1334 4800 1405 4874 alio
1441 4798 1598 4898 Vergilii
1635 4803 1766 4873 itincre
1791 4803 1919 4875 Attico

431 5023 458 5090 1)
482 5021 601 5078 Rectius
619 5022 751 5080 Valerius
769 5021 885 5078 Probus
903 5022 932 5076 in
951 5020 1020 5077 Vita
1037 5019 1161 5091 Vergilii
1187 5016 1277 5075 refert
1295 5019 1454 5077 decessisse
1474 5035 1538 5076 eum
1557 5036 1662 5078 suumn
1684 5026 1819 5092 agentem
1839 5021 1920 5093 quin·

323 5111 522 5184 quagesimurn
540 5111 669 5182 primunr.
696 5110 846 5182 (tonsores,
865 5111 961 5181 sodes,
980 5108 1116 5166 Massonii
1134 5107 1232 5164 Vitam
1252 5107 1366 5165 Horatii
1384 5126 1411 5181 p.
1431 5108 1494 5165 310.

410 5201 457 5268 r2)
476 5199 509 5267 Q.
528 5199 642 5256 Horatii
657 5201 754 5257 Flacci
769 5201 932 5259 carminum
951 5199 1017 5256 libri
1031 5198 1068 5258 V.
1087 5198 1133 5256 ed.
1149 5197 1180 5254 0.
1193 5197 1418 5271 Venderbonrg.
1446 5199 1581 5257 Lutetiae
1594 5199 1774 5255 Parisiorum
1793 5215 1818 5254 a.
1841 5197 1919 5254 1812.

322 5293 390 5343 torn.
410 5289 425 5343 1
443 5305 471 5359 p.
493 5287 534 5350 17.
