4914 6454
1941 923 1963 996 3

361 1132 448 1204 tate
481 1121 564 1204 frui
595 1121 700 1202 mihi
732 1121 863 1222 licuit,
895 1132 944 1203 ut
965 1131 1009 1203 te
1038 1149 1210 1230 quoque
1238 1120 1349 1201 laeto
1379 1120 1521 1201 animo
1550 1123 1737 1205 felicium
1765 1126 1963 1208 horarmn

362 1267 614 1347 memoriam
644 1264 832 1345 recolere
862 1263 1085 1364 confidam,
1119 1263 1273 1372 quibus
1296 1263 1342 1342 in
1365 1271 1483 1374 grata
1505 1263 1772 1348 hortulorum
1790 1278 1961 1350 tuorum

362 1407 514 1489 umbra
545 1405 811 1514 philosophis
844 1415 888 1486 et
919 1407 1059 1512 poetis
1090 1406 1253 1516 graecis
1285 1405 1511 1512 latinisque
1549 1406 1740 1516 legendis
1777 1409 1963 1492 delecta-

363 1551 526 1632 bamur.
577 1548 739 1655 Accipe
772 1549 920 1660 igitur,
962 1548 1235 1630 dilectissime
1269 1548 1429 1647 doctor,
1462 1547 1515 1628 ab
1548 1546 1756 1657 discipulo
1789 1551 1963 1633 eodem-

364 1721 447 1803 que
481 1691 644 1801 collega
678 1699 720 1771 et
763 1691 900 1771 amico
947 1690 1244 1771 litteratorium
1291 1689 1374 1769 hoc
1415 1691 1738 1791 munusculum,
1781 1693 1895 1799 quod
1928 1696 1963 1774 si

362 1835 479 1916 nulla
511 1834 682 1932 aliare,
727 1842 769 1913 at
801 1832 1008 1914 brevitate
1040 1842 1186 1913 tamen
1218 1840 1336 1911 tuam
1368 1830 1537 1911 laudem
1571 1833 1764 1915 merebit.
1829 1831 1963 1944 Saepe

363 1978 476 2058 enim
510 2003 690 2056 numero
723 1986 766 2055 te
801 1984 1136 2082 conquerentem
1171 1972 1311 2054 audivi
1341 1973 1517 2052 nimiam
1551 1972 1688 2074 istam,
1721 2004 1829 2084 quae
1848 2004 1963 2058 nunc

362 2147 459 2200 cum
503 2119 688 2200 maxime
731 2116 939 2218 laudatur,
983 2116 1268 2214 sedulitatem,
1312 2144 1396 2224 qua
1435 2115 1609 2222 plurimi
1648 2116 1856 2228 philologi
1896 2147 1963 2200 res

360 2261 547 2341 minutas
589 2261 932 2367 scriptommque
975 2259 1180 2367 cuiusque
1223 2256 1391 2337 dicendi
1431 2257 1732 2364 proprietates,
1774 2259 1875 2341 licet
1911 2260 1963 2342 ad

360 2403 490 2485 verba
522 2431 668 2484 eorum
703 2401 966 2510 expedienda
998 2410 1070 2482 aut
1103 2399 1367 2482 emendanda
1398 2425 1572 2507 prorsus
1598 2400 1705 2480 nihil
1732 2401 1962 2503 conferant,

360 2553 480 2625 tanto
513 2545 734 2626 molimine
767 2521 1102 2653 perscrutantur,
1133 2546 1257 2625 utin
1289 2572 1376 2626 uno
1410 2544 1615 2650 scriptore
1648 2543 1775 2626 defixi
1806 2545 1960 2652 pedem

360 2685 548 2794 proferre
595 2694 822 2794 totumque
874 2713 1120 2796 graecarum
1172 2685 1483 2790 latinarumque
1529 2682 1765 2766 litterarum
1813 2688 1960 2770 orbem

360 2856 582 2939 peragrare
638 2836 873 2934 nequeant:
921 2856 1060 2935 neque
1112 2827 1327 2908 immerito
1374 2851 1554 2931 operosa
1600 2838 1769 2910 nostrae
1812 2832 1962 2912 aetatis

361 2971 553 3052 doctrina
584 2997 674 3050 rem
709 2997 760 3051 eo
794 2968 1022 3051 deductam
1055 2997 1147 3051 esse
1182 2968 1321 3069 doles,
1368 2976 1416 3047 ut
1458 2966 1595 3048 aditus
1637 2969 1688 3050 ad
1729 2972 1961 3078 penetralia

361 3121 554 3193 veterum
588 3112 822 3193 litterarum
858 3113 1102 3194 obstruatur
1133 3113 1269 3222 magis
1302 3140 1429 3219 quam
1464 3111 1684 3216 aperiatur,
1721 3122 1765 3192 et
1786 3114 1960 3196 iuvenes

359 3256 576 3362 speciosae
597 3255 813 3337 doetrinae
838 3257 1060 3366 gloriolam
1090 3257 1234 3364 potius
1261 3263 1471 3335 venentur
1499 3281 1626 3360 quam
1657 3253 1797 3336 studio
1826 3256 1960 3363 serip-

358 3408 473 3480 tores
504 3400 622 3505 ipsos
653 3398 823 3510 legendi
856 3409 899 3480 et
931 3401 976 3480 in
1009 3427 1159 3480 sucum
1192 3395 1386 3479 vertendi
1417 3404 1655 3476 teneantur.
1717 3394 1843 3494 Quod
1879 3397 1959 3508 igi-

357 3549 425 3619 tur
444 3567 606 3639 mones,
632 3569 687 3621 ne
706 3540 811 3622 illud
831 3535 1079 3622 Callimachi
1098 3547 1199 3643 μέγα
1225 3548 1379 3637 βιβλίον
1405 3544 1506 3640 μέγα
1532 3536 1655 3616 κακόν
1672 3538 1960 3648 neglegamus,

358 3681 440 3762 hoe
460 3682 518 3761 ita
536 3683 581 3762 in
600 3709 696 3762 mea
716 3683 944 3764 commoda
964 3692 1220 3783 convertam,
1245 3694 1293 3764 ut
1312 3680 1425 3760 δόσιν
1452 3679 1585 3785 ὀλίγην
1610 3714 1650 3758 νε
1678 3689 1792 3783 φίλην
1816 3711 1856 3759 τε
1881 3681 1960 3764 tibi

358 3832 577 3929 acceptam
621 3823 710 3904 fore
749 3851 930 3930 sperem.
995 3824 1061 3906 Tu
1100 3835 1242 3907 autem
1279 3837 1329 3907 ut
1364 3826 1505 3906 valeas
1547 3831 1674 3930 atque
1716 3823 1880 3935 integra
1917 3832 1960 3904 et

357 3965 514 4044 mentis
547 3973 590 4045 et
623 3965 844 4047 oculorum
879 3967 967 4048 acie
1000 3966 1110 4048 laeta
1141 3969 1186 4048 in
1220 3976 1440 4048 senectute
1472 3965 1642 4065 fiuaris,
1675 3965 1959 4071 auspicatissi-

357 4105 439 4184 mis
470 4107 582 4186 votis
615 4105 758 4187 Deum
792 4104 1015 4215 Optimum
1050 4107 1284 4189 Maximum
1317 4135 1554 4216 precamur.
