4952 6440
527 937 574 1010 12

651 1132 729 1208 Res
763 1138 892 1206 autem
926 1132 1010 1228 ipsa
1043 1149 1087 1202 eo
1122 1126 1266 1226 dignior
1303 1149 1389 1202 esse
1424 1126 1575 1202 videtur
1606 1149 1702 1226 quae
1737 1152 1760 1200 a
1794 1126 1902 1204 nobis
1934 1131 2124 1226 aperiatur

528 1258 566 1326 et
580 1255 619 1325 in
635 1252 760 1324 lucem
779 1247 1029 1348 protrahatur,
1052 1269 1126 1344 quo
1146 1245 1233 1344 plus
1255 1268 1300 1318 ea
1321 1244 1424 1318 valet
1446 1243 1495 1319 ad
1514 1246 1600 1319 lites
1621 1248 1952 1344 grammaticorum
1972 1244 2019 1318 de
2039 1267 2124 1318 car·

527 1371 626 1442 minc
646 1370 808 1466 septimo
825 1369 947 1438 motas
965 1361 1249 1461 componendas.
1284 1361 1383 1436 Cum
1398 1364 1497 1435 enim
1517 1364 1595 1434 iam
1610 1361 1879 1460 Porphyrionis
1900 1361 2126 1436 scholiastae

526 1491 651 1559 aetate
684 1485 916 1578 exstiterint,
950 1483 1014 1577 qui
1047 1478 1133 1553 inde
1159 1505 1182 1552 a
1208 1503 1324 1554 versu
1349 1482 1479 1577 quinto
1505 1478 1648 1553 decimo
1672 1478 1787 1554 huius
1813 1482 1988 1553 carminis
2013 1479 2124 1552 aliam

527 1600 622 1677 oden
642 1599 755 1674 ordiri
776 1605 982 1696 censerent,
1007 1603 1137 1672 nostra
1154 1599 1335 1671 memoria
1351 1596 1618 1694 Buttmannus,
1643 1595 1903 1696 Doederhnus,
1928 1597 2125 1694 Lchrsius,

526 1721 703 1795 Kellerus
729 1721 903 1792 carminis
929 1740 1110 1815 compage
1136 1715 1259 1789 soluta
1292 1738 1342 1789 ex
1374 1739 1451 1790 una
1478 1713 1549 1789 ode
1581 1713 1655 1789 duo
1689 1712 1815 1790 odana
1843 1713 2022 1788 fecerunt
2071 1714 2125 1786 At

526 1838 661 1912 falsam
693 1835 789 1910 hunc
823 1837 1033 1934 opinionem
1069 1857 1154 1910 esse
1187 1840 1225 1908 et
1249 1835 1549 1934 Porphyrionem
1580 1841 1682 1908 recte
1707 1832 1914 1931 iudicasse,
1948 1833 2019 1906 hac
2041 1837 2124 1932 ipsa

527 1975 577 2025 ex
611 1973 653 2025 re
684 1957 856 2050 apparet,
892 1949 992 2050 quod
1017 1950 1199 2025 Horatius
1228 1953 1266 2023 in
1302 1955 1423 2050 prima
1454 1959 1562 2050 parte
1594 1950 1679 2025 libri
1709 1953 1819 2050 primi
1852 1951 1927 2027 duo
1960 1953 2124 2024 carmina

527 2068 659 2145 eodem
685 2072 797 2142 metri
828 2091 966 2168 genere
996 2071 1202 2167 composita
1230 2072 1455 2169 coniungere
1484 2070 1621 2167 noluit,
1655 2093 1729 2167 quo
1759 2072 1796 2142 in
1821 2075 2045 2168 argumento
2073 2091 2122 2142 ex

526 2185 714 2261 recondita
741 2193 822 2260 arte
850 2191 982 2284 poetae
1008 2195 1160 2284 sumpto
1187 2185 1280 2261 adeo
1306 2190 1515 2284 acquiesco,
1548 2193 1592 2260 ut
1617 2186 1690 2260 alia
1714 2193 1937 2286 argumenta
1962 2209 2012 2260 ex
2038 2209 2124 2259 cnr-

526 2306 638 2378 minis
663 2303 815 2378 consilio
841 2308 879 2375 et
904 2301 1146 2401 dispositione
1173 2304 1334 2403 petenda
1358 2306 1526 2404 proferre
1553 2303 1832 2404 supersedeam.

651 2442 808 2515 Praeter
839 2464 1084 2515 numerorum
1118 2465 1246 2516 rerum
1277 2465 1427 2542 quoque
1453 2446 1676 2517 varietatem
1700 2445 1739 2514 in
1763 2443 1884 2539 prima
1909 2447 2015 2538 parte
2040 2438 2124 2513 libri

526 2565 638 2662 primi
662 2556 876 2634 adornanda
899 2565 1011 2656 poeta
1037 2563 1235 2658 spectavit
1258 2567 1302 2634 ut
1325 2562 1507 2660 gravibus
1529 2561 1611 2636 odis
1630 2563 1740 2635 lusus
1757 2561 1959 2634 amatorios
1977 2556 2013 2654 (1
2030 2559 2062 2629 b.
2078 2553 2121 2651 8)

489 2697 492 2703 ’
526 2682 819 2775 intermisceret,
854 2675 1082 2753 carminibus
1115 2681 1154 2751 in
1184 2679 1299 2754 rebus
1325 2678 1507 2754 Romanis
1542 2676 1781 2753 versantibus
1812 2699 1967 2774 maccus
2002 2696 2123 2772 nugas

527 2797 563 2897 (1
586 2799 618 2872 8.
641 2795 706 2894 11)
720 2794 932 2891 subiicerct,
951 2794 1109 2893 denique
1123 2799 1315 2870 variorum
1331 2799 1539 2871 carminum
1561 2819 1700 2896 genera
1719 2800 1952 2894 proponeret.
1994 2791 2123 2887 Atque

526 2917 639 2990 huius
664 2911 817 3012 quidem
842 2915 898 2985 rei
918 2915 1080 3012 vestigia
1102 2914 1163 2987 vel
1183 2918 1221 2987 in
1243 2914 1374 3010 titulis,
1398 2915 1556 3013 singulis
1578 2912 1804 2988 carminibus
1824 2937 1847 2986 a
1866 2911 2122 3010 grammaticis

525 3031 671 3130 inditis,
704 3035 901 3128 apparent,
935 3032 998 3127 qui
1029 3033 1189 3128 primam
1211 3029 1307 3104 oden
1332 3034 1604 3130 pragmaticcn,
1639 3028 1843 3106 secundam
1874 3030 2122 3126 proseuticen,

524 3152 676 3224 tertiam
709 3146 1040 3246 prosphoneticen,
1073 3155 1246 3245 quartam
1279 3153 1560 3247 paraeneticen,
1597 3152 1767 3246 quintam
1801 3145 2122 3244 prosphoneticen,

527 3273 679 3341 sextam
699 3264 967 3363 hypotheticcn
990 3267 1271 3363 inscripserunt.
1313 3261 1388 3338 Sed
1410 3271 1490 3340 tota
1514 3265 1606 3339 haec
1625 3265 1956 3365 grammaticorum
1977 3261 2121 3358 divisio,

526 3409 640 3482 quam
665 3406 753 3456 cum
773 3381 971 3456 Menandri
997 3381 1232 3457 distinctione
1257 3408 1395 3459 novem
1418 3407 1600 3483 generum
1627 3381 1854 3481 hymnorum
1867 3378 1896 3478 ¹)
1922 3379 2121 3454 cohaerere

526 3522 679 3597 monce,
712 3501 872 3597 ineptior
907 3507 984 3598 cst,
1017 3524 1131 3598 quam
1164 3526 1239 3598 qua
1268 3501 1375 3576 nobis
1407 3505 1445 3574 in
1472 3500 1629 3599 singulis
1655 3495 1882 3572 carminibus
1907 3495 2122 3572 Horatianis

527 3616 797 3718 distinguendis
832 3621 889 3691 uti
923 3619 1041 3692 liceat.
1092 3619 1249 3693 Rectius
1283 3625 1327 3692 tu
1362 3617 1502 3694 dixeris
1541 3621 1704 3716 primum
1743 3637 1893 3688 carmen
1929 3619 2121 3713 prooemii,

529 3737 693 3811 alterum
720 3739 875 3810 encomii
901 3739 1024 3810 vicem
1049 3735 1237 3835 obtinere,
1272 3739 1445 3834 quintum
1479 3759 1630 3810 carmen
1654 3735 1878 3808 amatorium
1904 3729 2123 3834 (ἐρωτικόν)

527 3877 624 3952 esse,
649 3876 790 3927 nonum
816 3855 1009 3928 convivale
1036 3849 1239 3953 (σκολιόν),
1266 3853 1454 3927 decimum
1479 3835 1701 3953 hymnum.¹

652 3987 824 4085 Denique
844 3987 1039 4077 hominum
1059 4011 1219 4087 quoque,
1243 3989 1381 4086 quibus
1403 3989 1553 4086 singula
1569 3989 1734 4061 carmina
1755 3989 1878 4083 misit,
1903 3983 2122 4084 dignitatem

524 4109 562 4180 in
589 4103 800 4204 digerendis
827 4109 907 4179 suis
933 4107 1160 4181 carminibus
1186 4106 1367 4180 Horatius
1390 4105 1622 4204 respiciebat.
1668 4106 1797 4202 Atque
1822 4101 2120 4201 primoquidem

526 4223 605 4298 loco
628 4245 779 4297 carmen
799 4221 1078 4323 dedicatorium,
1102 4224 1315 4298 Maecenati
1339 4222 1526 4322 praesidio
1547 4246 1616 4297 suo
1636 4229 1673 4295 et
1692 4220 1791 4296 dulci
1808 4222 1930 4297 decori
1947 4224 2121 4319 missum,

527 4346 668 4441 optimo
693 4345 776 4416 iure
803 4341 1014 4442 collocavit,
1045 4342 1234 4418 secundus
1260 4342 1364 4416 locus
1390 4340 1597 4415 debebatur
1622 4339 1776 4416 Caesari
1801 4341 1990 4440 Augusto,
2016 4347 2120 4442 prin-

527 4463 600 4560 cipi
639 4465 792 4534 senatus
832 4466 870 4532 et
901 4461 1126 4560 reipubhcae
1160 4460 1414 4560 gubernacula
1445 4465 1528 4536 tum
1561 4462 1743 4558 temporis
1774 4465 1933 4560 tenenti,
1966 4465 2120 4537 tertium

526 4579 587 4650 cui
620 4578 746 4674 potius
781 4575 971 4674 adsignari
1002 4602 1070 4675 par
1104 4583 1184 4649 erat
1215 4601 1329 4673 quam
1362 4578 1519 4675 principi
1550 4583 1749 4674 poetarum
1779 4576 1976 4675 eidemque
2001 4583 2120 4655 amico

526 4690 815 4767 candidissimo?
870 4693 997 4770 Huius
1042 4692 1195 4792 quidem
1237 4697 1291 4767 rei
1331 4693 1564 4769 admonitum
1602 4694 1810 4768 Frankium
1848 4698 1975 4794 ipsum
2011 4719 2120 4770 suam

526 4810 778 4883 coniecturam
820 4806 1085 4884 darnnaturum
1122 4815 1368 4907 nostrumque
1403 4833 1554 4886 carmen
1593 4811 1640 4884 ad
1682 4813 1841 4911 Vergilii
1877 4817 2011 4911 poetae
2049 4817 2120 4886 iter

526 4925 698 5001 Atticum
723 4924 931 5000 relaturum
955 4927 1076 5001 tuisse
1101 4924 1331 5000 confidimus.

630 5203 658 5272 1)
680 5201 836 5259 Menander
852 5208 920 5277 περὶ
938 5205 1140 5260 ἐπιδεικτικῶν
1157 5203 1187 5259 in
1200 5201 1286 5260 stat
1305 5217 1349 5277 gr.
1368 5201 1414 5258 ed
1433 5201 1482 5274 Sp.
1502 5201 1563 5273 111,
1582 5202 1650 5276 333:
1669 5205 1728 5258 τῶν
1747 5199 1849 5276 ὕμνων
1868 5207 1896 5258 ot
1913 5203 1969 5276 μὲν
1986 5208 2118 5272 amitant,

524 5294 552 5345 ol
570 5289 604 5346 δὲ
622 5287 851 5364 circumportarent,
872 5296 920 5346 καὶ
940 5295 969 5347 ol
984 5292 1042 5365 μὲν
1060 5298 1195 5365 φυσικοί,
1213 5295 1242 5346 ot
1260 5289 1295 5348 di
1310 5297 1448 5364 μυθικοί,
1468 5296 1519 5348 καὶ
1539 5294 1568 5346 ot
1583 5289 1641 5364 μὲν
1658 5295 1868 5365 γενεαλογικοί,
1895 5295 1923 5346 nt
1942 5291 1976 5348 dl!
1994 5297 2118 5350 πεπλασ-

521 5381 615 5451 atvar,
634 5383 683 5432 nai
698 5381 727 5434 ol
739 5377 798 5452 μὲν
815 5377 950 5444 εὐκτικοί,
971 5384 999 5435 ot
1017 5378 1051 5437 δί
1070 5377 1246 5442 insontem,
1267 5382 1295 5434 ot
1313 5377 1348 5435 tt
1364 5385 1462 5451 μικιοί
1481 5377 1498 5446 ἢ
1516 5379 1571 5436 δύο
1589 5381 1701 5436 τούτων
1719 5375 1736 5446 ἢ
1756 5383 1845 5454 τριῶν
1863 5376 1879 5448 ἢ
1897 5381 2015 5438 πάντων
2033 5377 2119 5454 ὁμοῦ.
