4914 6454
1912 843 1958 915 15

362 1015 496 1112 Neque
533 1005 661 1088 tame'n
699 1015 736 1088 id
782 1038 902 1089 unum
940 1021 1089 1113 poetam
1133 1023 1347 1113 spectasse,
1392 1023 1437 1090 ut
1472 1017 1641 1114 Augusti
1680 1023 1825 1095 severis
1863 1023 1960 1120 legi-

362 1130 434 1205 bus
471 1131 691 1206 effrenatam
720 1135 853 1233 populi
886 1135 1074 1208 beandam
1106 1137 1310 1210 coercentis
1346 1141 1384 1208 et
1420 1138 1523 1210 ciues
1550 1135 1598 1208 ad
1623 1141 1785 1236 priscam
1811 1164 1959 1215 morum

365 1253 621 1350 integritatem
647 1250 760 1326 fidem
783 1255 1031 1326 constantiam
1053 1255 1264 1326 revocantis
1285 1252 1531 1327 saluberrima
1550 1254 1701 1328 oonsilio
1722 1265 1962 1356 promoveret

365 1392 509 1467 sueque
544 1374 651 1468 parte
683 1367 900 1467 adiuvaret,
935 1368 1001 1444 sed
1036 1371 1148 1442 etiam
1184 1368 1354 1443 eiusdem
1381 1393 1572 1444 sacrorum
1598 1395 1727 1446 curam
1749 1381 1786 1448 et
1812 1374 1960 1452 divinos

365 1491 525 1566 honores
551 1487 779 1586 adipiscendi
804 1488 1047 1562 ambitionem
1074 1509 1159 1560 oum
1182 1487 1265 1561 aliis
1284 1487 1386 1584 locis,
1411 1494 1494 1562 tum
1518 1491 1638 1586 quinti
1657 1495 1829 1567 carminis
1852 1497 1960 1592 prin·
2044 1577 2046 1579 ,

364 1611 458 1705 cipio
504 1607 642 1706 populo
681 1604 965 1680 commendasse
1003 1609 1079 1678 iam
1119 1603 1390 1678 demonstrabo.
1441 1605 1569 1702 Atque
1608 1611 1771 1706 primum
1809 1610 1960 1707 quidem

360 1727 505 1802 Horatii
528 1749 666 1800 versus

831 1823 926 1891 Coelo
949 1828 1115 1892 tonantem
1138 1824 1337 1890 credidimus
1360 1823 1474 1890 Jovem

829 1931 983 2018 Ecquam
989 1951 1001 2014 ;
1020 1951 1232 2014 praeseus
1255 1931 1351 1998 diuus
1373 1929 1545 1997 habebitur

829 2038 999 2125 Augustus
1020 2039 1158 2106 adiectis
1179 2038 1360 2105 Britannia

829 2145 972 2232 Imperio
993 2146 1211 2234 gravibusque
1233 2146 1345 2214 Persis

359 2333 498 2428 optime
523 2328 703 2402 illustrari
730 2324 865 2398 adnoto
894 2323 1044 2421 Vegetii
1069 2321 1215 2417 verbiS,
1251 2322 1297 2396 de
1324 2348 1364 2397 re
1390 2325 1541 2397 militari
1567 2323 1604 2396 Il
1631 2329 1672 2396 b:
1695 2332 1814 2396 iuraui
1837 2331 1959 2399 milites

358 2473 421 2540 per
447 2455 543 2522 deum
572 2498 746 2520 ......
770 2452 804 2515 cl
824 2465 887 2531 per·
915 2449 1124 2514 maiestatem
1151 2447 1380 2533 imperatoris,
1407 2465 1496 2533 quoe
1517 2448 1699 2515 secuudum
1721 2449 1818 2516 deum
1840 2451 1959 2535 paneri

361 2577 507 2643 lumouo
534 2567 705 2654 dilipcudu
737 2572 788 2633 eol
820 2570 854 2633 el
886 2565 1041 2632 colendo.
1070 2583 1149 2632 unm
1181 2568 1369 2651 imperator
1395 2583 1470 2633 cum
1494 2565 1634 2652 Augusti
1665 2584 1785 2634 uomeu
1814 2570 1957 2652 accepit,

362 2700 536 2778 tamquam
567 2686 813 2774 praesenti·
844 2688 876 2750 ei
907 2684 1085 2768 corporali
1114 2685 1177 2752 deo
1200 2683 1310 2764 fidelis
1336 2684 1621 2768 cumaculam
1647 2685 1788 2756 deuou'o.
1839 2679 1960 2754 Vides

357 2809 489 2904 igitur,
526 2825 592 2873 cur
617 2798 797 2871 Horatius
830 2793 1005 2867 hocloco
1032 2792 1233 2866 Caesarem
1259 2799 1497 2866 sacrosancto
1522 2797 1670 2867 nomine
1688 2789 1865 2892 ‘Augusti
1896 2799 1956 2866 in-

362 2923 575 3022 signiverit3
608 2913 675 2990 sed
709 2937 775 2987 cur
801 2911 938 2986 lovem
973 2935 1046 2984 non
1073 2905 1261 2983 Statorem
1298 2915 1364 2984 cut
1390 2909 1564 2984 Ultorem
1598 2915 1665 2984 aut
1690 2911 1816 2986 Deum
1843 2910 1956 3010 Opti-

355 3065 461 3114 mum
486 3037 713 3128 Maximum,
739 3054 877 3104 verum
904 3029 1112 3102 Tonantem
1139 3026 1290 3124 dixerit,
1317 3052 1466 3125 quaero,
1504 3027 1749 3127 Respondent
1774 3034 1954 3104 maiesta-

354 3169 433 3236 tem
447 3159 554 3233 Jovis
573 3151 738 3250 epitheto
753 3149 934 3223 Tonantis
952 3151 1091 3246 optime
1108 3147 1292 3220 illustrari
1312 3149 1485 3222 similiter
1503 3157 1617 3245 atquo
1633 3146 1701 3222 Od.
1718 3147 1736 3221 Ι
1755 3152 1813 3245 1⁴2,
1830 3151 1953 3222 {sl-8

785 3301 831 3369 Ta
852 3304 961 3370 minor
983 3300 1088 3367 lutum
1110 3305 1195 3386 repet
1219 3320 1344 3384 aequus
1367 3299 1492 3386 orbem·

781 3407 833 3476 Tu
853 3409 951 3495 praui
972 3428 1075 3473 curru
1098 3410 1226 3489 quatias
1250 3406 1436 3490 Olympum,

784 3514 836 3581 Tu
857 3535 979 3598 parum
1002 3516 1101 3581 cuttu
1122 3515 1263 3580 inituicu
1284 3517 1394 3580 milles

938 3620 1141 3687 Fulmina
1164 3619 1257 3686 lucis.

352 3805 474 3880 neque
514 3789 647 3880 poetae
682 3785 719 3854 in
758 3780 958 3880 seligendis
997 3780 1173 3878 epithetis
1216 3780 1428 3855 libertatem
1465 3783 1746 3878 angustioribus
1781 3785 1954 3858 cancellis

352 3900 612 3975 includendam
652 3924 748 3980 esse.
802 3900 926 3973 Audio
964 3923 1086 3996 neque
1121 3903 1154 3974 is
1194 3924 1301 3996 sum,
1343 3903 1407 3997 qui
1441 3899 1602 3974 hominis
1636 3902 1773 3974 curiosi
1811 3901 1951 3974 famam

351 4020 529 4114 consequi
569 4017 692 4090 velim.
755 4020 808 4092 At
847 4022 880 4092 si
917 4017 1097 4116 seligendi
1136 4017 1207 4091 hoc
1246 4021 1374 4117 ipsum
1418 4018 1608 4117 epitheton
1649 4023 1788 4090 certam
1830 4044 1953 4118 quan-

352 4135 438 4209 dam
475 4160 627 4209 oausam
664 4136 784 4209 fuisse
818 4134 975 4234 docebo,
1017 4136 1135 4210 solam
1175 4143 1219 4208 tu
1258 4135 1491 4232 libertatem,
1531 4161 1579 4209 an
1615 4136 1825 4211 libertatem
1863 4161 1949 4210 oum

277 4270 280 4280 ·
350 4261 430 4350 arte
465 4260 578 4350 atque
615 4253 825 4326 urbanitate
859 4257 1093 4326 coniunctam
1132 4254 1282 4329 males?
1347 4252 1529 4327 Kalendis
1563 4256 1679 4353 igitur
1714 4249 1950 4350 Septembri-

350 4369 421 4458 bus
449 4374 488 4443 in
513 4371 621 4444 fastis
647 4370 854 4444 Amiternis
881 4378 960 4445 Joui
983 4377 1126 4446 Tonanti
1151 4380 1186 4444 iu
1214 4379 1404 4462 Capitolio,
1430 4375 1469 4443 in
1494 4372 1712 4445 Antiatibus
1735 4377 1848 4460 feriae
1873 4377 1953 4446 lovi

349 4486 579 4586 adscriptum
594 4487 646 4585 (v.
659 4487 727 4565 Th.
741 4487 1036 4562 Mommsenium
1050 4492 1088 4560 in
1103 4487 1142 4562 C.
1155 4487 1183 4567 1.
1194 4488 1238 4560 L.
1259 4489 1278 4562 I
1291 4513 1326 4587 p.
1340 4488 1434 4587 400)
1448 4489 1621 4587 legimus,
1635 4495 1671 4560 et
1682 4487 1803 4564 Cassii
1817 4491 1949 4565 Dionis

349 4607 562 4679 testimonio
577 4603 607 4703 ¹)
632 4604 854 4704 Augustum
887 4628 983 4677 anno
1009 4604 1146 4704 tuus-22
1171 4604 1284 4679 lovis
1320 4604 1500 4679 Tonantis
1535 4605 1667 4679 aedem
1702 4609 1740 4678 in
1767 4605 1950 4705 Capitolio

424 4865 449 4934 1)
470 4863 585 4920 Cassius
604 4865 660 4920 Dio
679 4864 726 4936 54,
746 4864 779 4920 4:
804 4860 854 4920 τόν
871 4867 921 4919 τοῦ
941 4859 1010 4926 Atta
1029 4869 1078 4919 τοῦ
1097 4869 1279 4940 βροντῶντος
1299 4868 1524 4937 ἐπικαλουμένου
1545 4859 1616 4920 ναόν
1634 4869 1815 4939 καθιέρωσεν
1834 4904 1951 4922 .....

347 4955 405 5007 τῶν
422 4950 594 5024 α’νθροίπιον
612 4948 642 5006 td
660 4955 717 5025 μέν
735 4974 760 5006 τι
785 4948 858 5024 πρός
883 4949 914 5007 τό
941 4957 1024 5019 ξένον
1048 4959 1096 5007 καί
1121 4955 1170 5007 τοῦ
1190 4951 1334 5026 ὀνόματος
1353 4950 1439 5006 οὗτοι)
1460 4957 1574 5007 καὶτοῦ
1596 4955 1708 5016 εἴδους,
1735 4953 1766 5008 ro'
1786 4956 1818 5009 di
1838 4962 1887 5010 καὶ
1907 4953 1949 5008 ὅτι

348 5035 405 5096 tuo*
424 5044 472 5095 τοῦ
493 5039 665 5113 Αὐγούστου
693 5045 809 5116 ἵδρυτο,
835 5046 972 5114 μέγιστον
994 5041 1027 5098 d‘e
1047 5039 1089 5096 ὅτι
1113 5044 1218 5116 πρώτῳ
1247 5045 1275 5096 οἱ
1299 5039 1429 5103 α’ντόντες
1447 5045 1476 5103 ἐς
1495 5037 1526 5094 ud
1544 5040 1731 5098 Καπιτώλιον
1750 5045 1949 5115 ἐνετύγχανον,

347 5134 592 5202 προσερχομένων
610 5150 638 5184 τε
656 5128 733 5201 ατίτῴ
755 5136 803 5185 καὶ
823 5132 981 5201 σεβόντων,
1008 5133 1088 5196 ἔδοξε
1109 5125 1160 5184 τόν
1179 5135 1235 5182 Δία
1255 5125 1305 5184 τᾶν
1324 5133 1355 5184 ἐν
1373 5131 1411 5199 τῷ
1430 5132 1546 5203 μεγάλῳ
1567 5133 1625 5200 ναῷ
1647 5128 1714 5186 ὄντα
1733 5127 1823 5203 ὀργῆν
1842 5128 1881 5191 οἱς
1899 5137 1947 5185 καὶ

347 5213 379 5270 ul
400 5221 517 5289 δεύτερα
536 5215 624 5271 critob
644 5224 811 5292 φερόμενον
832 5226 983 5274 uuistuom
1001 5239 1027 5275 κ.
1047 5241 1069 5274 τ.
1086 5222 1109 5273 t.
1146 5217 1286 5274 (tonsores
1307 5219 1436 5288 Augusti
1459 5234 1554 5274 rerum
1572 5235 1590 5274 a
1608 5233 1638 5274 se
1658 5222 1805 5290 gestarum
1824 5219 1947 5275 indicem

346 5323 373 5375 p.
392 5305 473 5362 XXV
492 5305 537 5360 ed.
557 5305 668 5376 Bergk.
697 5303 787 5377 Ἔργα
809 5301 893 5362 κοινοῖ
912 5308 1023 5378 ἐγένετο
1043 5305 1090 5360 ὑπ’
1110 5305 1198 5360 odron*
1219 5312 1283 5362 ναοὶ
1302 5305 1359 5378 μὶν
1371 5303 1489 5376 Ἄρεως,
1509 5303 1580 5369 Arde
1597 5314 1777 5380 βροντησίοο.
