4914 6454
533 1725 1107 1939 Laeuiano
1164 1721 1743 1933 salassus

1020 2126 1059 2221 S.
1119 2125 1162 2221 P.
1222 2122 1267 2217 D.

870 2405 1171 2522 svllflllws
1208 2407 1411 2522 GlllllST.

463 3015 617 3133 Fausti
645 3051 728 3132 diei
755 3050 1017 3148 memoriam,
1052 3078 1137 3158 quo
1170 3059 1228 3150 tu,
1261 3053 1325 3131 vir
1357 3053 1701 3158 praeclarissime,
1734 3062 1831 3133 ante
1863 3052 1942 3132 hos

341 3197 648 3307 quinquaginta
686 3219 820 3274 annos
857 3192 1117 3272 ornamentis
1154 3191 1341 3275 doctoris
1377 3196 1671 3303 philosophiae
1705 3205 1853 3276 auctus
1886 3221 1941 3293 es,

342 3343 455 3420 cives
469 3347 639 3420 nostrae
655 3335 895 3417 academiae
912 3334 1247 3416 concelebraturi
1261 3365 1349 3419 non
1369 3339 1645 3440 haesitabant,
1666 3367 1751 3449 quo
1771 3338 1942 3446 potissi-

340 3512 460 3563 mum
480 3482 654 3562 honoris
672 3505 829 3588 genere
849 3477 1008 3558 laetum
1027 3487 1282 3588 gratumque
1303 3482 1492 3562 animum
1511 3481 1591 3563 tibi
1604 3480 1942 3562 testificarentur.

345 3621 440 3720 Quo
474 3624 588 3720 enim
621 3620 751 3701 modo
772 3615 967 3701 Socrates
999 3617 1070 3698 ille
1095 3616 1340 3700 Platonicus
1374 3621 1593 3728 epularum
1627 3621 1684 3703 ob
1707 3620 1944 3732 Agathonis

343 3765 562 3844 victoriam
602 3764 890 3844 institutarum
929 3761 1154 3866 strepitum
1186 3759 1296 3870 fugit
1329 3770 1455 3871 atque
1493 3761 1711 3844 familiaria
1745 3763 1824 3843 viri
1857 3762 1944 3843 ele-

343 3906 564 4015 gantissim
598 3904 827 4014 icolloquia
858 3903 997 4009 petiit,
1038 3903 1096 3982 ita
1128 3901 1206 3983 tibi
1240 3932 1428 4012 quoque,
1472 3934 1557 4014 quo
1591 3933 1637 3986 es
1669 3908 1811 3986 animo
1841 3905 1944 3984 sim-

345 4048 447 4155 plici
479 4056 522 4128 et
555 4045 608 4127 ab
642 4047 759 4126 omni
792 4075 920 4153 prava
953 4043 1185 4125 ambitione
1220 4045 1488 4148 alienissimo,
1523 4048 1744 4155 epularum
1769 4074 1944 4154 appara-

345 4200 415 4271 tus
447 4189 697 4296 publicaeve
730 4214 914 4294 pompae
954 4184 1269 4266 solemnitatem
1304 4186 1402 4293 plus
1434 4187 1563 4268 taedii
1592 4218 1720 4297 quam
1747 4189 1944 4295 volupta-

344 4334 399 4414 tis
442 4360 534 4414 esse
580 4341 793 4439 paratrna,
846 4331 1152 4410 commercium
1200 4325 1434 4410 litterariam
1478 4329 1530 4411 de
1571 4331 1641 4430 iis,
1689 4328 1943 4438 quibuscum

344 4475 538 4556 intimam
581 4473 908 4554 familiaritatem
952 4472 1216 4571 contraxisti,
1260 4473 1538 4580 scriptoribus
1578 4474 1820 4553 institutum
1856 4498 1956 4552 non,

344 4617 556 4727 ingratum
577 4614 667 4696 fore
690 4613 1036 4696 existimavimus.
1075 4611 1289 4720 Equidem
1309 4622 1463 4712 autem,
1482 4612 1584 4694 licet
1605 4641 1774 4695 summo
1799 4612 1946 4693 ardore

343 4755 577 4837 felicissimi
617 4757 742 4836 huius
784 4755 868 4836 diei
915 4754 1040 4865 digne
1089 4755 1416 4837 concelebrandi
1467 4755 1751 4867 flagraverim,
1802 4764 1946 4836 tamen

343 5067 431 5120 non
465 5041 555 5121 sine
589 5040 851 5123 dubitatione
884 5043 929 5121 in
961 5069 1031 5121 me
1064 5043 1219 5148 recepi.
1284 5040 1475 5122 Primum
1512 5042 1625 5121 enim
1658 5039 1854 5140 verebar,
1891 5067 1946 5119 ne

343 5181 476 5292 iustae
497 5186 654 5265 summi
674 5183 832 5265 ordinis
852 5184 1170 5290 exspectationi,
1198 5211 1296 5264 cum
1316 5182 1405 5284 tibi,
1432 5184 1506 5290 qui
1526 5192 1569 5263 et
1587 5184 1786 5290 princeps
1804 5182 1850 5260 in
1868 5180 1947 5259 hac

344 5322 443 5404 sede
464 5324 703 5408 academiae
722 5336 891 5408 nostrae
911 5326 1145 5408 honoribus
1165 5325 1352 5408 doctoris
1376 5326 1669 5433 philosophiae
1695 5332 1867 5404 omatus
1891 5323 1947 5402 sis

1719 5458 1733 5517 1
