4914 6454
583 873 606 948 8

581 1071 768 1168 ferebant,
801 1074 867 1169 iis,
901 1069 1039 1166 quibus
1066 1069 1241 1168 quodque
1279 1069 1466 1144 destinato
1491 1079 1618 1168 erent,
1642 1071 1802 1144 seorsim
1828 1068 1946 1141 nrissa
1970 1089 2081 1140 esse
2117 1071 2170 1140 et
2202 1068 2249 1138 in

582 1188 775 1262 hominum
802 1189 1052 1286 cognitionem
1078 1189 1231 1261 venisse
1258 1186 1519 1260 lubentissime
1547 1185 1812 1282 concedamus,
1841 1191 1969 1258 tamen
1995 1187 2044 1256 in
2079 1182 2247 1282 publi-

583 1329 665 1379 cam
698 1307 822 1381 lucem
857 1329 931 1378 uno
966 1303 1173 1402 eodemque
1205 1310 1376 1403 tempore
1414 1309 1537 1379 omnia
1570 1308 1734 1379 carmina
1767 1329 1790 1378 a
1822 1309 1934 1404 poeta
1958 1301 2077 1376 edita
2110 1309 2162 1375 et
2192 1305 2240 1374 in

582 1448 700 1498 unum
721 1447 858 1521 corpus
879 1426 995 1496 trium
1018 1422 1200 1497 librorum
1223 1429 1403 1520 congesta
1427 1446 1512 1498 esse
1536 1446 1744 1498 censemus.
1780 1419 1893 1514 Quod
1906 1426 2042 1494 autem
2067 1425 2238 1494 extre-

581 1566 688 1616 mum
721 1563 872 1615 carmen
906 1540 990 1614 libri
1026 1541 1181 1616 secundi
1213 1541 1350 1641 epilogi
1384 1546 1507 1616 vicem
1540 1543 1706 1617 obtinere
1733 1541 1903 1638 videtur,
1937 1540 2233 1615 Vauderbur-

581 1661 667 1758 gius
694 1658 731 1756 Ι,
763 1659 973 1733 315-321
1015 1662 1116 1734 iusto
1150 1659 1388 1734 artificiosius
1411 1664 1465 1734 ita
1491 1661 1680 1760 explicare
1706 1685 1826 1734 ausus
1852 1665 1930 1756 est,
1966 1665 2010 1732 ut
2036 1673 2228 1758 poetam

581 1777 675 1852 libro
694 1777 816 1873 tertio,
843 1798 956 1872 quem
979 1775 1126 1850 duobus
1148 1779 1255 1852 annis
1279 1783 1366 1876 post
1389 1778 1483 1852 duos
1506 1781 1651 1876 priores
1676 1776 1820 1851 editum
1846 1800 1932 1852 esee
1958 1781 2226 1876 suspicatur,

582 1895 748 1966 carmina
770 1894 945 1967 nonnulla
962 1897 1037 1968 iam
1060 1901 1147 1968 ante
1170 1895 1368 1969 editionem
1391 1895 1552 1970 duorum
1573 1899 1742 1994 priorum
1762 1893 1941 1968 librorum
1959 1895 2064 1968 facta
2088 1899 2221 1994 quasi

581 2011 810 2108 postliminio
824 2015 1031 2087 inseruisse
1045 2017 1137 2089 satis
1151 2014 1447 2114 improbabiliter
1461 2021 1654 2089 statueret
1682 2015 1817 2112 Neque
1830 2019 1958 2087 tamen
1971 2036 2016 2087 eo
2027 2017 2221 2087 temeri-

581 2132 671 2205 tatis
699 2130 873 2230 progredi
894 2135 1028 2230 ausim,
1055 2138 1098 2206 ut
1124 2156 1211 2206 cum
1239 2132 1400 2206 Lehrsio
1425 2139 1549 2207 totum
1574 2132 1646 2206 hoc
1671 2154 1821 2205 carmen
1848 2131 1895 2204 ab
1920 2131 2214 2230 interpolatore

524 2315 542 2338 ,
581 2248 705 2345 aliquo
732 2255 771 2321 et
792 2253 980 2324 imitatore
1004 2249 1211 2324 Horatiano
1237 2251 1367 2324 fictum
1395 2258 1432 2324 et
1454 2258 1587 2350 poetae
1610 2249 1807 2324 Venusino
1833 2251 2078 2348 suppositum
2111 2271 2213 2324 esse

582 2369 713 2442 dicam.
751 2367 806 2442 Ut
827 2373 924 2441 enim
948 2368 1090 2466 aliquot
1109 2392 1247 2443 versus
1271 2370 1580 2468 interpolatorum
1601 2393 1673 2468 ope
1694 2371 1932 2443 concinnatos
1956 2373 1994 2440 et
2012 2370 2210 2466 genuinis

581 2483 728 2559 Horatii
739 2486 968 2561 carminibus
981 2490 1143 2562 insertos
1157 2510 1242 2560 esse
1258 2510 1485 2585 persuasum
1498 2488 1631 2585 habeo,
1647 2491 1702 2560 ita
1714 2491 1753 2559 in
1766 2485 1994 2560 carminibus
2006 2485 2207 2560 Horatia-

580 2607 640 2678 nis
675 2609 828 2678 exstare
862 2628 957 2704 nego
992 2631 1089 2705 quae
1121 2611 1200 2681 tota
1234 2605 1281 2679 ab
1316 2605 1644 2704 interpolatoribus
1678 2604 1777 2678 facta
1811 2607 1895 2680 sint
1945 2603 2067 2677 Immo
2097 2626 2205 2676 vero

581 2721 782 2795 Horatium
810 2746 961 2796 carmen
983 2723 1075 2797 illud
1102 2748 1175 2798 non
1201 2748 1245 2797 eo
1267 2723 1430 2820 consilio,
1455 2729 1500 2796 ut
1521 2726 1729 2797 carminum
1744 2722 1849 2796 libris
1866 2722 2056 2820 epilogum
2082 2721 2202 2796 face·-

581 2844 657 2935 ret‚
690 2844 970 2938 composuisse,
1005 2839 1073 2914 sed
1097 2844 1261 2938 primum
1288 2841 1390 2914 nullo
1415 2845 1518 2913 certo
1543 2841 1696 2913 consilio
1719 2839 1878 2940 lusisse,
1909 2839 2062 2938 deinde,
2098 2864 2198 2914 cum

582 2959 748 3030 carmina
779 2961 818 3030 in
849 2959 974 3031 lucem
1010 2957 1165 3055 edebat,
1202 2981 1246 3032 eo
1279 2959 1379 3056 loco,
1416 2983 1491 3056 quo
1525 2958 1572 3032 ab
1609 2958 1752 3032 ludicra
1783 2965 1864 3033 arte
1887 2958 1936 3032 ad
1958 2961 2196 3056 gravitatem

582 3079 791 3148 carminum
815 3075 1013 3150 moralium
1044 3080 1275 3151 transiturus
1302 3083 1393 3175 erat,
1419 3080 1615 3176 aptissime
1641 3080 1914 3176 interposuisse
1940 3099 2084 3152 censeo.

707 3192 925 3266 Carminum
959 3197 1074 3292 igitur
1106 3195 1222 3269 libros
1255 3194 1455 3268 Horatium
1494 3219 1568 3268 non
1604 3194 1779 3293 deinceps
1820 3196 1988 3294 singulos
2026 3197 2194 3296 singulis

581 3310 804 3410 pluribusve
839 3315 946 3384 annis
978 3315 1201 3420 interiectis,
1235 3312 1303 3386 sed
1337 3319 1416 3386 tres
1443 3315 1587 3410 priores
1614 3315 1830 3388 coniunctos
1857 3312 2019 3388 edidisse
2045 3313 2192 3389 Kirch-
2229 3329 2233 3338 '

580 3452 670 3503 nero
687 3428 850 3502 Frankio
875 3429 957 3503 aliis
982 3453 1139 3528 prorsus
1165 3429 1339 3528 equidem
1362 3435 1567 3528 assentior3
1592 3454 1727 3504 verum
1751 3430 1950 3506 editionem
1974 3433 2076 3508 illam
2098 3441 2190 3507 ante

581 3572 722 3621 annum
748 3548 898 3647 730s24,
925 3552 1019 3650 sive,
1045 3557 1089 3624 ut
1107 3550 1350 3625 Lachmanuo
1366 3549 1394 3648 ¹)
1424 3557 1461 3623 et
1483 3549 1648 3624 Frankio
1674 3554 1802 3624 visum
1829 3556 1899 3647 est
1926 3575 2021 3624 anno
2048 3553 2189 3652 730s24

580 3665 643 3738 vel
677 3666 812 3764 731s23
846 3667 985 3741 factam
1020 3691 1105 3742 esse
1141 3693 1214 3744 non
1245 3693 1405 3768 possum
1438 3694 1512 3742 non
1546 3669 1766 3768 improbare.
1818 3668 1915 3743 Cum
1949 3669 2020 3743 hac
2053 3669 2188 3745 defini-

580 3788 681 3859 tione
706 3792 922 3885 temporum
947 3789 1113 3885 primum
1138 3791 1307 3861 omnium
1331 3791 1444 3861 tertia
1470 3787 1541 3863 oda
1565 3787 1649 3861 libri
1672 3791 1784 3886 primi

1009 3937 1065 4006 Sic
1088 3945 1118 4006 te
1142 3941 1221 4006 diva
1240 3946 1356 4024 potens
1380 3937 1493 4025 Cypri,

1076 4046 1132 4114 Sic
1153 4049 1278 4134 fratres
1299 4049 1458 4130 Helenae,
1482 4049 1595 4116 lucida
1617 4049 1740 4132 sidera,

1019 4155 1255 4239 Ventorumque
1277 4161 1369 4244 repat
1388 4161 1487 4241 pater

1079 4263 1250 4330 Obstrietis
1273 4263 1352 4329 aliis
1371 4269 1506 4348 praeter
1528 4263 1673 4349 Japypo,

1010 4404 1130 4488 Nocte,
1153 4427 1237 4488 quae
1259 4405 1320 4472 tibi
1343 4407 1504 4473 creditum

1078 4511 1186 4579 Debes
1214 4513 1403 4600 Vergilium,
1423 4511 1546 4595 finibus
1567 4513 1688 4581 Aurea
1780 4601 1784 4608 Ι

1010 4617 1148 4684 Reddas
1170 4619 1376 4701 incolomem,
1396 4641 1525 4704 precor,

1077 4723 1124 4789 nt
1147 4745 1254 4791 serves
1277 4727 1409 4792 animae
1433 4725 1731 4793 dimidiationem.

1293 4852 1318 4896 e.
1343 4853 1371 4912 q.
1395 4851 1421 4896 s.

582 4970 634 5040 ita
657 4990 826 5066 pugnare
852 4969 1019 5069 videtur,
1053 4979 1098 5046 ut
1123 4973 1297 5070 artificia,
1323 4972 1460 5069 quibus
1488 4973 1728 5048 difficultates
1754 4997 1803 5047 ex
1827 4974 1889 5048 illo
1915 4979 2077 5050 carmine
2104 4976 2182 5049 suis

582 5083 788 5158 rationibus
824 5092 931 5162 natas
967 5092 1041 5162 viri
1077 5090 1174 5165 docti
1210 5114 1405 5165 removere
1434 5091 1679 5192 studuerunt,
1713 5092 1950 5166 nullomodo
1976 5093 2182 5189 mihipro-

693 5349 717 5414 1)
738 5345 819 5402 Conf.
842 5348 914 5404 Hall.
935 5348 1218 5423 Literatur·Zeitung
1238 5368 1264 5408 a.
1286 5352 1354 5406 1836
1372 5369 1399 5422 p.
1418 5353 1481 5407 259.
