4914 6454
561 882 584 955 2

563 1094 606 1166 et
637 1112 741 1165 mox
772 1113 848 1192 per
879 1084 1052 1194 longam
1086 1111 1293 1165 annorum
1329 1085 1480 1166 seriem
1514 1081 1769 1191 praesidium
1800 1092 1843 1165 et
1867 1081 1997 1164 decus
2025 1083 2160 1164 almae

561 1228 707 1308 matris
738 1235 907 1308 nostrae
940 1223 1080 1324 fucris,
1113 1253 1202 1306 non
1235 1224 1334 1306 vilia
1365 1225 1477 1307 dona
1509 1225 1648 1307 offerri
1679 1225 1825 1326 vellet,
1858 1227 1965 1306 meis
1998 1227 2161 1336 exiguis

560 1368 720 1450 viribus
751 1396 902 1475 parum
936 1365 1174 1446 satisfacere
1207 1394 1392 1473 possem.
1442 1365 1610 1447 Deinde
1629 1365 1824 1447 nonnihil
1848 1395 2019 1475 quoque
2040 1396 2160 1449 com-

561 1510 763 1592 movebar
799 1509 861 1588 tui
897 1507 1043 1588 iudicii
1082 1510 1320 1631 severitate,
1363 1538 1446 1618 qua
1482 1537 1644 1590 errores
1681 1511 1934 1590 nostratium
1975 1511 2160 1617 philolo·

559 1681 712 1764 gorum
750 1652 948 1731 insectari
986 1660 1029 1732 et
1064 1649 1205 1732 fucata
1241 1652 1506 1733 noviciorum
1544 1651 1880 1762 magistellorum
1915 1663 2160 1733 commenta

560 1821 760 1900 spernere
794 1793 1066 1874 consuevisti.
1140 1791 1386 1900 Principum
1430 1794 1543 1874 enim
1578 1793 1915 1903 philologorum,
1958 1791 2159 1905 Scaligeri

560 1936 744 2018 Bentleii
777 1933 935 2036 Wolfii,
960 1935 1079 2016 libris
1098 1945 1146 2016 tu
1164 1937 1348 2016 nutritus
1368 1963 1601 2044 eorumque
1625 1964 1723 2017 cum
1744 1935 1960 2018 doctrinae
1990 1937 2157 2044 copiam

559 2089 652 2159 tum
693 2077 854 2188 ingenii
901 2103 1080 2157 acumen
1123 2078 1357 2158 aemulatus
1398 2077 1694 2188 pervulgatum
1736 2079 1972 2159 recentium
2019 2079 2159 2186 philo-

559 2221 755 2331 logorum
792 2247 958 2300 morem
997 2222 1164 2329 angusti
1201 2221 1347 2301 circuli
1383 2221 1591 2302 limitibus
1628 2249 1703 2302 sua
1740 2220 1877 2302 studia
1912 2219 2158 2301 includendi

559 2361 784 2471 vilipendis
803 2372 846 2443 et
859 2362 1140 2469 plurimorum
1157 2363 1398 2444 criticorum
1415 2362 1681 2444 coniectandi
1695 2364 1955 2474 pruriginem
1972 2371 2158 2443 veteres-

560 2534 643 2612 que
667 2506 894 2611 scriptores
917 2502 1142 2585 levissimis
1166 2508 1421 2586 commentis
1439 2507 1722 2613 interpolandi
1740 2509 2026 2588 temeritatem
2047 2505 2157 2586 ferro

559 2648 732 2757 ignique
778 2645 1112 2756 impugnandam
1161 2675 1253 2728 esse
1300 2675 1460 2728 censes.
1532 2647 1637 2729 Inde
1689 2650 1793 2729 mihi
1840 2677 2032 2757 quoque,
2084 2648 2158 2754 qui

557 2800 607 2869 ut
628 2789 811 2870 levitatis
836 2789 998 2868 crimen
1022 2788 1217 2898 religiose
1241 2787 1413 2898 fugiam,
1445 2788 1504 2867 ita
1527 2817 1550 2867 a
1572 2791 1849 2888 noviciorum,
1883 2815 1990 2896 quos
2018 2816 2156 2888 vocae,

558 2933 873 3042 philologorum
904 2931 1090 3011 consiliis
1117 2959 1205 3012 non
1233 2958 1406 3038 prorsus
1428 2958 1499 3010 me
1528 2928 1751 3010 abhorrere
1781 2931 1972 3029 sentiam,
2006 2959 2156 3011 veren-

557 3075 658 3156 dum
693 3100 784 3154 esse
816 3071 1029 3170 intellexi,
1067 3082 1115 3152 ut
1156 3073 1274 3153 omni
1307 3099 1359 3152 ex
1401 3080 1520 3178 parte
1563 3097 1682 3150 meae
1719 3071 1904 3150 rationes
1940 3070 2019 3152 tibi
2055 3100 2156 3178 pro-

554 3217 722 3298 bentur.
792 3211 935 3294 Nihilo
981 3223 1126 3294 tamen
1177 3215 1314 3295 secius
1363 3214 1573 3295 voluntati
1619 3213 1753 3292 nostri
1805 3205 1963 3293 ordinis
2014 3243 2154 3294 meam

556 3385 699 3438 curam
746 3356 790 3434 in
836 3355 1112 3464 gratulatorio
1163 3355 1271 3437 libro
1319 3354 1627 3437 conscribendo
1674 3356 1945 3460 exposcentis
1990 3355 2156 3437 lubenti

556 3499 698 3579 animo
732 3498 859 3598 cessi,
901 3499 1065 3578 facilius
1107 3507 1229 3579 tuum
1267 3497 1502 3598 fastidium,
1546 3499 1580 3578 si
1621 3526 1717 3577 mea
1762 3497 1935 3576 inventa
1977 3524 2154 3604 exspec-

554 3649 642 3722 tato
685 3641 827 3721 minus
868 3640 946 3721 tibi
987 3642 1229 3747 placerent,
1271 3670 1398 3749 quam
1441 3642 1634 3721 omnium
1676 3639 1887 3721 bonorum
1929 3640 2152 3720 hominum

555 3783 793 3889 opprobria,
826 3783 860 3862 si
894 3783 1046 3889 optimi
1080 3783 1271 3892 magistri
1303 3784 1480 3864 eximiae
1511 3782 1835 3864 benevolentiae
1867 3783 2044 3893 gratiam
2079 3781 2153 3862 de-

553 3925 685 4006 bitam
733 3953 822 4005 non
869 3923 1063 4004 retulisse
1105 3923 1288 4023 viderer,
1335 3923 1558 4004 ferendum
1602 3952 1693 4004 esse
1735 3934 1862 4005 ratus.
1938 3921 1997 4004 Ut
2038 3925 2151 4003 enim

554 4067 623 4147 alii
652 4068 736 4147 sint
763 4067 875 4145 inter
899 4064 1065 4146 sodales
1088 4065 1373 4172 philosophici
1397 4065 1565 4166 ordinis,
1600 4066 1673 4174 qui
1703 4065 1963 4148 felicioribus
1994 4067 2153 4176 ingenii

553 4209 739 4291 foetibus
771 4215 844 4288 tua
876 4235 992 4288 sacra
1026 4207 1360 4289 semisaccularia
1393 4234 1540 4288 ornare
1578 4209 1758 4314 possint,
1800 4219 1944 4288 tamen
1986 4207 2151 4286 nullrmr

554 4377 645 4430 esse
678 4379 776 4431 meo
810 4351 899 4430 iure
933 4348 1040 4449 dico,
1073 4378 1201 4457 quem
1227 4349 1476 4431 instituendi
1496 4377 1604 4450 cura,
1638 4350 1861 4432 adiuvandi
1880 4350 2152 4448 humanitate,

552 4491 814 4599 provehendi
841 4493 973 4602 gratia
996 4521 1067 4572 me
1091 4493 1227 4602 magis
1251 4491 1329 4573 tibi
1361 4491 1610 4573 devinxeris.
1661 4491 1728 4571 Tu
1756 4491 2012 4602 philologiae
2041 4491 2152 4572 salu-

553 4634 758 4715 berrimae
801 4633 1047 4741 disciplinae
1089 4643 1137 4712 ut
1177 4661 1247 4712 me
1289 4632 1498 4713 traderem
1541 4634 1742 4746 singulari
1784 4643 1856 4714 tua
1898 4634 2028 4713 animi
2066 4635 2151 4714 ala-

554 4777 700 4856 critate
737 4778 935 4856 iuvenem
981 4774 1240 4881 compulisti,
1281 4785 1330 4855 tu
1370 4776 1414 4855 in
1455 4775 1697 4858 Aristotelis
1737 4776 1998 4882 philosophi,
2046 4775 2152 4856 Var-

551 4917 667 4999 ronis
685 4917 967 5028 grammatici,
996 4913 1182 4995 Lucretii
1201 4925 1353 5022 poetae
1377 4916 1495 4998 libris
1520 4915 1829 5028 cognoscendis
1854 4917 1939 4998 dux
1965 4929 2007 4998 et
2031 4931 2151 4998 ante-

553 5063 753 5173 signanus
771 5061 872 5140 mihi
895 5057 1023 5158 fuisti,
1042 5067 1090 5137 tu
1108 5060 1151 5138 in
1177 5059 1267 5139 aliis
1291 5088 1462 5168 quoque
1480 5059 1736 5169 philologiae
1756 5058 1945 5165 partibus
1964 5058 2151 5166 pruden-

550 5205 724 5285 tissimis
758 5201 944 5283 consiliis
977 5227 1047 5280 me
1081 5227 1250 5307 semper
1282 5199 1489 5283 adiuvisti.
1555 5199 1695 5299 Quid?
1738 5199 1853 5308 quod
1890 5230 1977 5281 non
2011 5201 2150 5282 solum

551 5355 648 5425 tuae
682 5343 929 5451 disciplinae
964 5342 1197 5443 severitate,
1232 5341 1306 5423 scd
1340 5345 1465 5423 ctiam
1494 5344 1668 5424 intimae
1696 5342 1989 5423 familiaritatis
2014 5345 2151 5423 suavi-
