4914 6454
530 839 579 912 10

527 1039 779 1116 somniaverit.
831 1033 943 1128 Quod
973 1043 1100 1109 autem
1128 1034 1439 1136 Venderburgius
1473 1060 1513 1112 se
1548 1039 1674 1110 mirari
1708 1035 1805 1110 d'urit
1838 1037 2038 1114 Horatium
2075 1038 2122 1113 de

527 1157 659 1228 itinere
686 1157 854 1230 Asiatico
880 1152 1002 1249 deque
1028 1152 1218 1227 Aeneidos
1245 1151 1505 1252 perpoliendae
1530 1153 1682 1229 consilio
1706 1155 1884 1252 tacuisse,
1911 1154 1999 1253 quid
2025 1159 2122 1230 inter

527 1278 677 1372 poetam
703 1274 940 1372 ingeniosum
966 1292 1096 1344 omnes
1123 1273 1298 1344 carminis
1324 1295 1461 1346 versus
1486 1271 1533 1346 ad
1560 1297 1678 1346 unum
1704 1269 1890 1370 quoddam
1925 1273 2121 1348 consilium

527 1389 747 1488 dirigentem
772 1396 811 1462 et
832 1389 1118 1486 grammaticum
1142 1391 1333 1462 curiosum
1359 1411 1489 1464 omnes
1513 1413 1575 1464 res
1600 1388 1730 1464 sedulo
1750 1389 1983 1488 colligentem
2002 1393 2121 1464 inter-

527 1515 640 1604 esset,
665 1509 908 1606 perspexisse
935 1530 1022 1580 eum
1049 1529 1153 1604 nego.

651 1625 777 1700 Multo
802 1631 929 1698 autem
957 1628 1081 1700 minus
1107 1628 1153 1698 iis
1180 1624 1400 1724 adstipulari
1425 1651 1594 1726 possum,
1618 1629 1683 1723 661
1709 1625 1779 1700 hoc
1805 1647 1955 1698 carmen
1981 1623 2120 1700 autad

524 1745 651 1840 aliurn,
675 1765 788 1839 quem
814 1739 995 1816 Horatius
1029 1747 1191 1816 carmine
1217 1742 1436 1819 duodecimo
1467 1743 1551 1818 libri
1582 1748 1707 1842 quarti
1743 1743 1790 1818 ad
1817 1747 2032 1819 convivium
2059 1747 2119 1818 in-

526 1865 631 1954 vitat,
657 1857 865 1956 Vergilium
880 1857 908 1954 ¹)
934 1860 1096 1932 missum
1119 1881 1215 1956 esse,
1241 1863 1370 1933 autin
1396 1867 1507 1956 sexto
1533 1861 1718 1967 verlsiculo
1744 1861 1856 1935 huius
1883 1865 2058 1937 carminis

982 1991 1089 2059 Debes
1111 1993 1376 2076 Quintilium
1395 1995 1517 2079 finibus
1539 1995 1660 2064 Atticis

524 2117 762 2194 scribendum
798 2139 883 2190 6666
918 2119 1057 2214 6616611
1088 2126 1186 2192 sunt.
1239 2117 1426 2215 Equidem
1464 2121 1561 2192 enim
1595 2121 1784 2218 praeclaro
1819 2121 1994 2194 vaticinio
2020 2123 2118 2194 vatis

524 2237 670 2310 Horatii
693 2233 893 2333 lugubrem
920 2234 1066 2306 exitum
1090 2237 1234 2308 itineris
1260 2239 1369 2308 amici
1395 2239 1503 2334 quasi
1528 2239 1798 2334 praesagientis
1825 2235 1972 2311 sublato
2007 2261 2118 2335 egre-

523 2358 623 2454 giam
649 2361 763 2451 atque
789 2359 832 2425 ut
856 2355 908 2424 ita
934 2351 1054 2424 dicam
1080 2351 1243 2424 divinam
1265 2359 1384 2427 artem
1411 2355 1524 2428 huius
1549 2359 1723 2430 carminis
1759 2357 1877 2429 minui
1909 2357 2116 2453 aegerrime

522 2473 682 2546 tulerim.
736 2465 811 2543 Sed
844 2493 891 2542 66
925 2468 1160 2543 divinationis
1195 2469 1297 2543 lusui
1329 2495 1416 2544 cum
1443 2471 1621 2546 Cicerone
1657 2497 1719 2546 me
1745 2475 1968 2572 patrocinari
1994 2481 2117 2571 putes,

524 2590 728 2664 disserendi
761 2590 931 2662 acumine
967 2609 1091 2660 meam
1131 2589 1355 2661 sententiam
1395 2588 1591 2664 defendere
1633 2591 1801 2669 conabor.
1861 2591 1990 2688 Atque
2030 2616 2116 2665 cum

521 2709 689 2807 Vergilio
702 2710 826 2806 quarti
838 2706 932 2802 libri,
950 2708 1132 2780 iuvenum
1150 2707 1328 2782 nobilium
1342 2707 1474 2780 cliente
1494 2708 1580 2806 (IV,
1609 2717 1666 2806 1²2,
1693 2710 1746 2805 e),
1771 2733 1843 2783 666
1864 2732 1907 2782 66
1922 2709 2117 2782 familiari-

521 2829 610 2900 tatis
636 2825 785 2899 vinculo
802 2824 1001 2898 Horatium
1028 2827 1264 2898 coniunctum
1290 2825 1421 2921 fuisse,
1448 2831 1490 2897 ut
1517 2849 1604 2898 eum
1628 2830 1774 2900 animae
1800 2850 1892 2900 suae
1923 2825 2117 2900 dimidium

522 2944 569 3042 (I,
596 2947 630 3040 3,
657 2944 698 3037 8)
723 2940 963 3040 praedicaret,
989 2963 1100 3014 nemo
1126 2964 1241 3014 sanus
1266 2965 1340 3014 non
1365 2945 1561 3040 persensit.
1602 2942 1754 3016 Frankii
1777 2951 1904 3017 autem
1923 2948 2116 3021 temeritas

521 3085 656 3139 nomen
684 3057 857 3156 Vergilii,
890 3059 1056 3130 omnium
1090 3063 1127 3128 et
1159 3055 1328 3130 codicum
1354 3063 1392 3130 et
1419 3058 1644 3132 scholiorum
1669 3063 1889 3132 auctoritate
1914 3061 2116 3158 firmatum,

520 3187 558 3255 in
585 3177 809 3272 Quintilium
839 3177 1019 3248 mutantis
1052 3178 1153 3248 omni
1186 3199 1343 3272 prorsus
1378 3175 1640 3274 probabilitate
1676 3183 1785 3250 caret.
1839 3173 1914 3249 Sed
1940 3201 1987 3250 66
2013 3177 2116 3252 codi-

521 3325 608 3374 cum
632 3296 705 3370 fide
732 3294 811 3369 sola
837 3295 904 3364 niti
930 3291 1134 3388 videamur,
1160 3292 1369 3366 reconditae
1390 3292 1586 3366 cuiusdam
1609 3298 1646 3365 et
1668 3299 1776 3391 quasi
1798 3319 1955 3368 arcanae
1978 3319 2115 3370 causae

519 3420 745 3492 necessitate
777 3411 1012 3506 adducimur,
1050 3418 1093 3483 ut
1123 3411 1214 3507 hoc,
1247 3411 1293 3484 de
1327 3436 1401 3509 quo
1436 3415 1606 3510 agimus,
1639 3436 1788 3486 carmen
1822 3412 1869 3484 ad
1905 3413 2115 3512 Vergilium

520 3542 668 3634 poetam
694 3536 842 3631 epicum
867 3552 989 3626 neque
1013 3528 1061 3600 ad
1085 3529 1200 3602 alium
1224 3554 1452 3629 quemquam
1479 3535 1662 3630 scripturn
1690 3556 1774 3608 esse
1800 3538 2022 3610 statuamus,

644 3654 825 3727 Horatius
852 3653 961 3745 enim,
987 3673 1074 3721 eum
1100 3652 1181 3747 ipse
1206 3675 1276 3724 sua
1301 3654 1465 3724 carmina
1489 3655 1527 3723 in
1553 3651 1676 3724 lucem
1699 3651 1841 3748 ederet,
1873 3674 1947 3724 non
1972 3655 2014 3722 ut
2035 3649 2113 3723 fors

519 3773 657 3846 tulerat
689 3769 789 3843 aliud
823 3790 972 3840 carmen
1006 3767 1067 3840 alii
1093 3767 1311 3866 subiunxit,
1347 3769 1413 3843 sed
1440 3773 1477 3842 in
1502 3769 1712 3868 digerendis
1740 3767 1968 3843 carminibus
1993 3773 2114 3840 certas

519 3890 701 3990 quasdam
727 3889 888 3960 rationes
915 3891 1069 3960 secutus
1096 3893 1163 3959 est.
1201 3887 1333 3984 Neque
1358 3891 1538 3986 temporis
1563 3889 1635 3986 ille,
1662 3913 1736 3987 quo
1761 3886 1935 3985 quodque
1963 3909 2113 3958 carmen

519 4011 791 4106 composuerat,
816 4006 996 4077 rationem
1021 4003 1200 4077 habuisse
1225 4003 1393 4102 videtur,
1420 4005 1508 4102 quid
1537 4009 1634 4078 enim
1662 4007 1798 4104 leporis
1825 4011 1939 4100 atque
1965 4007 2114 4077 veneris

519 4130 661 4200 inesset
693 4125 901 4197 carminum
935 4121 1101 4220 syllegae
1134 4120 1341 4196 secundum
1365 4128 1591 4221 temporum,
1619 4147 1715 4221 quae
1742 4126 1893 4196 nouisse
1920 4122 2009 4195 nihil
2035 4122 2114 4194 fere

517 4247 698 4318 lectorum
730 4245 925 4336 intererat,
957 4239 1125 4313 ordinem
1157 4239 1352 4338 digestae?
1398 4237 1675 4315 Schillarus
1702 4264 1850 4339 quoque
1875 4247 2004 4314 noster
2030 4265 2114 4313 car-

520 4364 620 4434 mina
645 4385 714 4434 666
736 4383 810 4432 666
843 4361 924 4454 1666
957 4357 1165 4431 secundum
1198 4357 1365 4432 ordinem
1400 4359 1717 4458 chronologicum,
1754 4383 1828 4456 quo
1863 4359 1979 4456 vulgo
2016 4382 2114 4431 nunc

517 4479 710 4574 feruntur,
750 4475 955 4570 ordinavit,
997 4475 1064 4549 sed
1102 4476 1194 4550 alias
1235 4479 1417 4573 raticosa,
1460 4483 1547 4574 post
1586 4484 1746 4550 mortem
1787 4479 1907 4574 ipsius
1946 4475 1992 4548 ab
2033 4475 2112 4548 edi-

516 4595 661 4670 toribus
687 4595 876 4692 neglectas
898 4595 989 4666 iniit.
1040 4593 1174 4689 Neque
1205 4593 1314 4690 illud,
1347 4593 1447 4690 quod
1481 4599 1745 4692 grammaticos
1775 4592 1958 4690 quosdam
1982 4598 2111 4665 nostra

518 4716 698 4786 memoria
735 4715 773 4784 in
813 4711 1014 4810 seligendis
1052 4711 1279 4786 carminibus
1322 4713 1413 4786 satis
1444 4716 1568 4811 inepte
1608 4712 1766 4810 probare
1798 4711 1943 4807 ferunt,
1988 4713 2113 4784 consi-

516 4831 608 4902 lium
633 4829 812 4901 Horatius
838 4831 919 4925 ipse
946 4832 1101 4901 secutus
1129 4832 1202 4924 est,
1236 4834 1278 4900 ut
1303 4851 1562 4926 quaecumque
1593 4831 1756 4900 carmina
1778 4827 1913 4902 iisdem
1946 4831 2113 4902 numeris

518 4949 657 5045 scripta
673 4952 739 5018 aut
755 4945 802 5018 ad
821 4944 982 5018 eundem
999 4945 1189 5020 hominem
1206 4948 1323 5019 missa
1343 4953 1470 5020 essent
1492 4953 1711 5044 congereret
1733 4952 1846 5044 atque
1871 4948 2113 5022 continuaret.

625 5137 650 5204 1)
668 5134 746 5190 Nihil
764 5135 836 5190 certi
854 5141 886 5189 ut
903 5134 1113 5206 relinqueretur
1132 5136 1161 5189 in
1180 5134 1369 5206 chronologia
1382 5135 1554 5203 Horatiana,
1573 5132 1627 5189 hoo
1647 5149 1759 5205 666666
1779 5149 1894 5189 carmen
1913 5133 1980 5188 libri
2000 5133 2109 5204 quarti,

517 5225 585 5281 licet
602 5229 690 5295 poeta
706 5224 768 5294 ipse
787 5239 875 5278 versu
892 5223 1059 5278 Intermissa
1081 5223 1172 5280 Vacua
1190 5225 1241 5278 diu
1260 5223 1362 5278 melica
1381 5223 1511 5278 carmina
1529 5223 1676 5294 pangendi
1696 5238 1792 5278 curam
1812 5221 1861 5276 din
1880 5239 1910 5277 se
1922 5221 2111 5278 intermisisse

515 5317 650 5381 testetur,
675 5313 806 5384 Vergilio
830 5317 933 5378 poetae
953 5315 1035 5382 epico
1054 5315 1170 5370 missum
1189 5329 1253 5369 esse
1272 5312 1306 5366 Η.
1326 5313 1454 5367 Dttntzer
1477 5313 1506 5366 16
1524 5312 1628 5367 Annal.
1648 5311 1745 5382 philol.
1767 5317 1786 5366 t.
1807 5313 1841 5367 99
1860 5329 1888 5381 p.
1909 5312 1961 5366 328
1978 5310 2107 5382 putavit.
