4914 6454
1890 967 1934 1040 11

337 1156 656 1255 Elegantissimus
692 1160 790 1230 enim
824 1163 932 1254 poeta
970 1155 1064 1231 libro
1101 1157 1218 1230 talem
1252 1161 1291 1231 in
1329 1158 1484 1233 modurn
1522 1161 1699 1238 adornato
1732 1165 1934 1244 lectoribus

337 1275 491 1350 urbanis
511 1277 597 1374 plus
618 1275 731 1350 taedii
750 1301 864 1375 quam
882 1277 1053 1352 utilitatis
1073 1278 1251 1352 litteratis
1267 1278 1482 1354 hominibus
1507 1301 1548 1354 se
1574 1288 1795 1378 paraturum
1815 1285 1935 1362 fuisse

339 1393 455 1493 probe
480 1400 735 1492 perspexerat.
743 1391 772 1492 ¹)
814 1393 890 1469 Sed
917 1417 1013 1491 quae
1038 1397 1215 1470 universo
1239 1399 1277 1469 in
1303 1420 1456 1495 corporo
1482 1400 1599 1470 trium
1622 1397 1802 1476 librorum
1827 1402 1935 1504 dige-

339 1511 454 1587 rendo
487 1519 598 1610 poeta
632 1516 875 1611 spectaverit,
917 1513 1024 1610 plene
1055 1514 1246 1612 disputare
1279 1538 1353 1589 non
1383 1515 1498 1590 huius
1534 1515 1605 1589 loci
1641 1539 1726 1590 esse
1763 1519 1934 1619 videtur,

338 1634 498 1729 primam
523 1635 653 1704 autem
676 1635 823 1730 partem
847 1633 959 1730 primi
983 1633 1067 1706 libri
1090 1635 1143 1706 ita
1170 1631 1374 1731 disposuit,
1409 1639 1454 1707 ut
1480 1637 1551 1708 tria
1576 1637 1817 1731 potissimum
1843 1663 1934 1714 con-

331 1750 421 1830 silia
445 1753 676 1846 sequeretur.

462 1865 590 1965 Atque
622 1870 785 1964 primum
819 1868 969 1964 quidem
995 1867 1193 1965 Horatius,
1228 1893 1315 1943 cum
1347 1891 1591 1943 numerorum
1623 1870 1827 1968 lyricorum
1853 1880 1933 1948 arte

338 1991 376 2058 et
395 1983 614 2058 melicorum
635 1985 907 2060 versiculorum
929 1984 1051 2060 modis
1071 2010 1120 2060 ex
1137 1987 1294 2062 Graecia
1311 1989 1349 2059 in
1371 1986 1519 2060 ltaliam
1536 1987 1806 2062 transferendis
1823 2013 1932 2064 sum-

336 2126 438 2174 mam
458 2101 611 2175 laudem
633 2109 841 2199 quaereret,
849 2099 878 2198 ²)
904 2104 956 2175 ita
976 2126 1058 2175 rem
1078 2106 1251 2201 instituit,
1275 2109 1319 2177 ut
1336 2107 1544 2203 primorum
1568 2127 1706 2178 novem
1724 2109 1932 2182 carminum

335 2218 406 2292 alio
443 2218 619 2317 quodque
657 2219 899 2317 stropharum
934 2242 1071 2318 genere
1109 2227 1350 2320 componeret
1386 2225 1425 2293 et
1461 2218 1794 2320 Asclepiadeamm
1831 2233 1933 2300 stro-

335 2334 496 2434 pharum
530 2335 811 2410 similitudinem
844 2338 1048 2412 interiectis
1077 2333 1273 2438 Sapphicis
1308 2337 1488 2443 (12)55
1521 2338 1790 2415 Archilochicis
1826 2341 1862 2440 (l
1887 2344 1931 2438 4)

335 2458 502 2530 numeris
530 2455 794 2531 dissimularet.
848 2455 980 2554 Neque
1005 2465 1154 2554 praeter
1180 2481 1318 2532 novem
1342 2481 1481 2556 genera
1505 2457 1765 2556 stropharum,
1794 2460 1931 2557 quibus

336 2595 473 2646 novem
499 2576 663 2646 carmina
688 2575 809 2671 prima
832 2572 916 2647 libri
941 2575 1053 2671 primi
1077 2578 1285 2673 composita
1311 2582 1411 2672 sunt,
1436 2575 1518 2650 aliis
1543 2577 1581 2646 in
1607 2590 1768 2672 quatuor
1794 2581 1931 2650 carmi-

336 2716 427 2764 num
451 2691 556 2766 libris
580 2715 677 2765 usus
704 2697 773 2788 est,
800 2693 833 2764 si
854 2695 1154 2766 continuatorum
1177 2716 1360 2767 versuum
1376 2692 1710 2792 Asclepiadeorum
1737 2693 1774 2791 (I
1803 2693 1866 2792 12)
1894 2703 1932 2769 et

334 2813 539 2884 ionicorum
566 2809 641 2905 (ΙΙΙ
671 2809 734 2908 12)
760 2833 804 2882 ac
827 2809 1101 2884 trochaicorum
1127 2809 1202 2907 (Ill
1230 2810 1295 2909 18)
1319 2833 1564 2885 numerorum
1587 2816 1809 2908 systemata,
1835 2814 1931 2885 sim-

334 2929 444 3029 phcia
467 2927 530 3001 illa
555 2924 708 3025 quidem
735 2933 772 3000 et
796 2930 1009 3025 invenusta,
1036 2931 1241 3026 exceperis.
1281 2927 1367 3020 Qua
1389 2928 1435 3002 de
1455 2951 1570 3002 causa
1590 2925 1749 3002 Caesius
1773 2928 1930 3028 Bassus,

334 3049 441 3120 cuius
467 3049 616 3120 nomine
639 3045 752 3118 Henr.
773 3045 920 3120 Keilius
948 3048 1130 3118 eximium
1156 3045 1411 3145 fragmentum
1437 3052 1478 3120 de
1504 3053 1627 3132 metris,
1653 3045 1768 3120 Atilio
1787 3045 1929 3124 Fortu-

332 3167 480 3240 natiano
506 3169 616 3238 antea
640 3166 812 3237 inmerito
838 3161 1088 3262 adsignatum,
1112 3165 1321 3262 inscripsit,
1353 3169 1561 3238 metrorum
1586 3164 1733 3239 Horatii
1757 3166 1931 3264 exempla

333 3308 383 3357 ex
408 3286 529 3382 prima
554 3285 662 3380 parte
686 3283 797 3378 primi
821 3279 906 3354 libri
930 3278 1152 3378 repetivit³)

442 3472 468 3540 1)
495 3470 557 3525 lioc
582 3475 677 3526 tamen
703 3483 823 3539 monae,
849 3483 906 3522 uon
924 3481 1077 3538 numquam
1097 3466 1245 3522 Horatium
1264 3467 1321 3522 duo
1340 3467 1462 3537 plurave
1482 3468 1608 3523 carmina
1627 3467 1729 3524 eodem
1748 3468 1929 3540 stropharum

334 3575 442 3631 genere
460 3557 626 3628 conscripta
644 3554 826 3612 coniunxisse
846 3553 957 3624 videri,
977 3559 1009 3608 ut
1027 3555 1168 3610 consimili
1187 3556 1217 3610 in
1237 3572 1268 3612 ra
1286 3555 1336 3611 illa
1354 3557 1466 3612 versari
1486 3561 1516 3612 et
1534 3556 1746 3628 quodammodo
1765 3571 1850 3612 unam
1867 3573 1929 3613 cor·

333 3665 386 3718 pus
404 3645 521 3704 efficere
539 3645 723 3717 significarat
760 3642 795 3698 Id
809 3641 1050 3699 animadvertisse
1068 3643 1137 3698 mihi
1153 3643 1257 3700 videor
1277 3644 1306 3698 iu
1325 3643 1376 3701 Od.
1396 3645 1441 3699 Ill
1464 3645 1540 3701 1-6.
1576 3645 1618 3702 IV
1639 3645 1759 3715 14-153
1778 3651 1930 3717 praeterea

334 3737 466 3794 conseras
484 3736 551 3791 libri
569 3735 653 3805 primi
673 3748 787 3789 carmen
805 3731 985 3803 trigesimum
1006 3733 1135 3803 quintum
1153 3733 1195 3787 ita
1213 3737 1348 3804 quartum
1368 3733 1530 3804 excipiens,
1550 3738 1582 3787 ut
1600 3732 1721 3788 alterum
1745 3732 1828 3788 alteri
1846 3735 1928 3804 quasi

332 3827 410 3881 viam
435 3828 599 3895 praeparet.
636 3823 698 3889 Qua
721 3821 757 3876 de
783 3835 870 3876 causa
894 3825 927 3874 ut
950 3837 1043 3893 neque
1067 3821 1151 3878 fidem
1179 3822 1325 3893 codicum,
1350 3837 1471 3894 quorum
1495 3822 1524 3877 iu
1549 3822 1693 3878 nonnullis
1710 3819 1783 3882 haec
1801 3822 1929 3877 carmina

332 3915 483 3972 coniuncta
506 3929 570 3969 esse
589 3913 772 3971 Kellerianae
799 3910 933 3967 editionis
958 3916 1102 3981 apparatu
1126 3912 1228 3967 critico
1254 3911 1395 3969 certiores
1419 3911 1491 3967 facti
1517 3927 1629 3980 sumus,
1657 3916 1802 3981 tamquam
1821 3909 1928 3965 vinctis

332 4004 474 4073 manibus,
499 4000 673 4073 sequendam
697 4016 762 4057 asse
785 4017 837 4057 nec
855 4001 1049 4072 Peerlkampii
1074 4002 1226 4058 audaciam
1251 4002 1319 4058 libri
1344 4003 1424 4058 tertii
1443 4004 1571 4059 carmina
1589 4003 1646 4057 tria
1663 4002 1762 4072 priora
1779 4002 1809 4055 in
1828 4001 1927 4057 decem

330 4099 430 4164 partes
448 4093 532 4146 unius
551 4088 686 4146 carminis
706 4090 832 4161 guomici
851 4089 1040 4161 discerpentis
1059 4091 1239 4162 probandam
1259 4091 1349 4162 duco,
1368 4093 1411 4147 ita
1429 4091 1494 4162 illa,
1515 4106 1589 4162 quae
1609 4090 1684 4160 dixi,
1714 4089 1845 4146 carmina
1864 4104 1926 4144 arc-

331 4183 387 4237 tius
407 4195 492 4252 quam
512 4183 608 4235 cetera
625 4178 701 4234 iuter
718 4193 750 4234 ee
769 4178 924 4235 cohaerere
944 4185 974 4236 et
993 4195 1103 4236 conexa
1122 4195 1186 4238 esre
1205 4185 1320 4252 poetam
1339 4181 1433 4250 ipsum
1453 4179 1633 4251 significasse
1652 4179 1756 4236 indico.

435 4267 464 4336 Ι)
483 4263 623 4324 (tonsuras
640 4265 770 4336 inprimis
789 4265 841 4323 0d.
861 4267 916 4336 III,
936 4267 980 4338 80,
1001 4267 1044 4338 13,
1064 4268 1156 4338 Epist.
1176 4269 1200 4338 I,
1221 4269 1264 4339 19,
1283 4269 1325 4324 32.

435 4357 463 4424 3)
481 4354 556 4412 Vide
575 4354 763 4411 Grammatiei
779 4354 862 4410 latini
881 4370 917 4412 ex
935 4356 1103 4414 recensione
1121 4355 1240 4412 Haurici
1258 4357 1347 4414 Keilii
1370 4361 1438 4414 tom.
1456 4358 1499 4415 Vl
1522 4374 1549 4427 p.
1568 4356 1701 4412 acc-⁷0.
1738 4357 1846 4412 Bassus
1866 4357 1927 4427 qui·

331 4447 404 4514 darn,
424 4459 488 4499 cum
507 4442 592 4512 primi
610 4441 677 4497 libri
695 4443 818 4512 primum
837 4447 867 4499 et
884 4444 1000 4500 tertium
1020 4445 1211 4501 carmaniam
1230 4450 1318 4500 autea
1337 4445 1375 4514 (p.
1394 4445 1459 4514 259)
1478 4445 1670 4515 respexisset,
1697 4443 1826 4502 eiusdem
1842 4445 1927 4516 primi

328 4533 396 4589 libri
421 4531 577 4587 carminum
602 4531 720 4586 secundi
744 4531 836 4602 quinti
853 4533 921 4586 noni
944 4533 1044 4588 octavi
1066 4531 1212 4586 metricam
1233 4533 1471 4601 compositionem
1488 4532 1662 4602 illustravit3
1685 4549 1742 4612 qua
1760 4533 1789 4587 in
1807 4547 1838 4588 re
1859 4533 1927 4587 noni

330 4622 464 4678 carminis
482 4635 617 4677 numeros
635 4627 702 4678 ante
721 4622 820 4678 octavi
839 4621 999 4692 explicatos
1019 4636 1083 4679 esse
1101 4636 1137 4676 na
1155 4620 1286 4691 mireris,
1314 4625 1431 4690 poetam
1457 4622 1675 4692 grammaticum
1699 4620 1800 4692 paucis
1825 4620 1927 4678 diebus

329 4715 358 4766 et
375 4710 514 4765 memoria
531 4713 642 4766 tantum
660 4710 746 4767 modo
765 4710 923 4767 adiuvante
945 4713 982 4780 (p.
1003 4709 1071 4781 271,
1097 4711 1124 4779 3)
1144 4708 1247 4765 librum
1273 4709 1479 4780 conscripsisse
1505 4724 1614 4768 moneo.
1653 4710 1752 4776 Quarti
1776 4717 1871 4770 autem
1898 4715 1928 4768 ot

329 4800 404 4856 sexti
423 4799 557 4854 carminis
575 4797 643 4854 libri
661 4799 748 4870 primi
765 4799 917 4856 Horatiaui
936 4803 1028 4855 metra
1046 4799 1167 4856 Caesius
1186 4798 1293 4853 Bassus
1319 4798 1349 4852 in
1367 4797 1517 4868 deperdita
1536 4798 1580 4852 sui
1599 4796 1667 4852 libri
1686 4805 1787 4872 parte,
1814 4816 1873 4872 qua
1892 4801 1926 4855 de

328 4886 482 4956 dactylicis
500 4886 636 4944 versibus
655 4887 802 4961 disseruit,
821 4889 990 4960 exposuisse
1008 4887 1135 4944 videtur.

434 4975 634 5048 Argumentis,
654 4975 759 5046 quibus
776 4976 888 5034 Kailios
906 4981 1005 5032 noster
1021 4975 1125 5032 (laesio
1142 4977 1235 5032 Basso
1253 4974 1308 5031 hoe
1326 4973 1518 5047 fragmentum
1537 4974 1758 5033 adscribendum
1778 4993 1842 5036 asse
1860 4993 1926 5047 pro·

329 5063 414 5119 bavit
431 5081 460 5134 p.
478 5062 630 5135 aso-252,
649 5063 825 5122 locutionem
845 5065 883 5119 cd
900 5080 1034 5120 mmmcm
1052 5062 1089 5117 ab
1109 5062 1213 5119 Caesio
1232 5063 1324 5118 Basso
1343 5062 1421 5134 apud
1439 5061 1571 5118 Rufinum
1589 5085 1617 5137 p.
1637 5067 1700 5136 556,
1720 5065 1737 5120 2
1755 5069 1784 5122 et
1802 5065 1840 5121 ab
1860 5080 1926 5120 auc·

282 5174 284 5186 ³
328 5157 390 5208 tore
402 5152 486 5209 huius
503 5153 659 5226 fragmenti
675 5170 701 5222 p.
716 5152 778 5224 264,
798 5153 996 5223 Susurpatam
1009 5151 1093 5208 addo.
1130 5152 1213 5218 Quod
1232 5157 1327 5209 autem
1346 5149 1534 5224 artigraphus
1552 5151 1588 5209 de
1607 5152 1774 5209 claudomm
1790 5170 1926 5210 versuum

326 5256 480 5313 generem
499 5243 557 5298 alio
574 5242 639 5298 loco
659 5241 755 5314 egisse
773 5242 847 5298 dixit
864 5244 903 5312 (p.
923 5242 993 5312 att,
1012 5244 1059 5312 t),
1079 5240 1110 5296 id
1131 5242 1223 5313 aliter,
1244 5247 1331 5312 atque
1350 5241 1464 5299 Keilius
1484 5241 1569 5313 lecit,
1589 5242 1790 5314 explicandum
1809 5257 1924 5312 censeo,

326 5331 555 5402 quandoquidem
573 5347 678 5389 versus
694 5330 887 5402 Hipponactei
905 5332 1018 5388 nomine
1037 5335 1238 5389 tetrametrum
1259 5345 1374 5402 quoquo
1396 5330 1551 5387 iambicum
1571 5331 1742 5389 catalectum
1761 5329 1924 5402 insignivit,

326 5432 383 5488 quo
402 5418 440 5474 de
459 5435 511 5475 suo
530 5419 594 5475 loco
612 5419 641 5474 iu
662 5420 757 5490 capite
777 5419 812 5475 de
831 5419 956 5475 iambico
976 5434 1084 5490 genere
1104 5434 1136 5475 se
1154 5419 1263 5476 dixisse
1282 5423 1383 5476 auctor
1400 5418 1491 5476 libelli
1511 5419 1675 5490 significare
1692 5417 1818 5474 videtur.

1670 5507 1714 5568 2*
