4914 6454
412 891 460 968 22

412 1089 606 1190 Numquid
640 1090 779 1188 pluris,
813 1091 950 1186 poterit
983 1087 1119 1186 aliquis
1145 1108 1337 1188 quaerere,
1365 1092 1588 1188 cognovisse
1609 1087 1804 1162 hominum
1826 1086 2006 1185 interfuit,

414 1230 488 1305 quo
521 1229 618 1281 enno
649 1229 725 1279 una
758 1205 852 1278 haec
878 1203 1053 1303 epistola,
1087 1228 1200 1302 quam
1226 1229 1299 1302 quo
1322 1211 1492 1304 tempore
1516 1212 1620 1280 totus
1644 1204 1739 1279 liber
1763 1205 2007 1304 epistolarum

413 1327 647 1422 conscriptus
672 1323 812 1396 fuerit?
838 1321 927 1420 quid
950 1324 1065 1420 igitur
1082 1320 1246 1420 obstare,
1271 1325 1471 1420 quominus
1493 1321 1692 1396 Horatium
1718 1322 1895 1421 plurium,
1919 1326 2007 1420 qui-

413 1439 485 1516 bus
513 1440 680 1539 epistolis
709 1438 914 1516 scribendis
940 1439 1111 1538 vacabat,
1136 1463 1318 1515 annorum
1341 1438 1507 1513 medium
1530 1437 1717 1536 quendam
1736 1440 1809 1516 illis
1828 1440 2005 1516 versibus

414 1559 622 1656 significare
655 1556 823 1633 voluisse
857 1557 1099 1633 statuamus?
1149 1556 1338 1655 Equidem
1371 1560 1485 1632 istam
1518 1556 1786 1654 interpretandi
1823 1560 2004 1632 rationem

413 1700 487 1751 non
512 1675 659 1749 futilem
684 1679 901 1775 ineptamve
927 1699 1013 1751 esse
1039 1675 1216 1774 dixerim,
1244 1698 1380 1748 verum
1405 1681 1532 1750 nmen
1556 1677 1866 1772 artificiosiorem,
1891 1697 2006 1773 quam

417 1797 479 1870 cui
504 1793 575 1866 alia
601 1800 865 1891 superstruere
891 1794 1059 1869 audeam.
1104 1792 1308 1869 Consimile
1334 1795 1372 1866 in
1395 1795 1535 1866 crimen
1558 1793 1779 1868 artificiosae
1800 1815 2006 1892 argumen-

413 1913 565 1985 tationis
597 1911 746 1984 inruere
779 1915 901 2010 primo
934 1913 1067 1988 saltem
1099 1918 1256 2010 aspectu
1291 1909 1461 2008 videtur,
1495 1911 1636 2008 siquis
1660 1917 1808 2008 poetam
1834 1934 1909 1984 non
1931 1933 2020 2009 quo¹

413 2051 509 2101 anno
535 2027 732 2126 epistolam
758 2034 962 2130 scripserit,
988 2030 1055 2106 sed
1080 2053 1193 2128 quem
1217 2033 1352 2104 aetatis
1379 2053 1519 2104 annum
1540 2028 1684 2128 Lepido
1709 2035 1748 2102 et
1767 2028 1887 2103 Lollio
1912 2051 2005 2103 con·
2038 2023 2041 2033 '

414 2145 560 2220 sulibus
587 2149 717 2245 egerit,
746 2147 908 2223 indicare
931 2149 1100 2224 voluisse
1126 2147 1273 2222 dixerit.
1322 2148 1466 2234 Rerum
1490 2155 1648 2222 naturae
1673 2169 1763 2222 senc
1788 2146 2006 2220 adcommo-

415 2263 545 2337 datum
575 2263 695 2339 fuisse
726 2264 897 2365 videtur,
930 2273 974 2340 ut
1007 2273 1211 2364 utrumque
1246 2272 1357 2366 poete
1392 2267 1636 2366 significaret,
1670 2271 1708 2338 et
1741 2287 1880 2338 annum
1912 2285 2005 2338 suae

414 2384 549 2455 aetatis
576 2387 615 2453 et
639 2387 791 2480 tempus
817 2386 1048 2482 conscriptae
1074 2384 1262 2483 epistolae
1300 2382 1401 2476 Quid
1427 2389 1567 2480 autem,
1593 2385 1626 2458 si
1650 2381 1853 2456 verborum
1869 2387 2006 2455 natura

412 2504 449 2571 et
473 2521 716 2573 numerorum
749 2498 947 2574 difficultas
979 2505 1113 2598 poetae
1137 2499 1404 2598 impedimento
1428 2507 1544 2597 erant,
1570 2501 1770 2598 quominus
1795 2499 2004 2597 simplicem

411 2623 449 2691 et
477 2623 646 2715 apertam
672 2619 775 2690 viam
799 2617 1086 2718 ingrederetur?
1120 2618 1248 2715 Atque
1270 2620 1404 2692 aetatis
1424 2617 1576 2717 quidem
1596 2641 1734 2691 annum
1756 2615 2004 2714 quadragesi-

410 2759 518 2809 mum
542 2737 717 2832 quintum
743 2757 860 2810 versu
885 2735 1001 2810 altero
1027 2738 1082 2810 sic
1106 2739 1251 2809 mutato

773 2885 829 2953 Mc
851 2889 902 2954 ter
924 2887 1105 2970 quindenae
1125 2889 1211 2954 aciat
1233 2885 1417 2971 implevisse
1440 2885 1633 2954 Decembres

407 3025 518 3100 facile
552 3031 683 3101 notare
716 3031 883 3124 poterat,
920 3032 960 3100 at
984 3048 1035 3099 ex
1060 3024 1274 3100 nominibus
1301 3026 1499 3100 consulum
1524 3025 1624 3100 illius
1649 3029 1736 3100 anni
1760 3026 1939 3125 Appuleii
1963 3032 2004 3098 et

414 3139 495 3218 Silii
514 3167 687 3218 summae
714 3144 912 3220 difficultas
938 3147 972 3218 ei
998 3143 1333 3230 subnascebantur.
1378 3145 1478 3218 Nam
1504 3143 1683 3243 Appuleii
1707 3147 1867 3219 nominis
1893 3167 2003 3217 men-

412 3285 502 3336 sura
537 3283 581 3334 ea
614 3267 692 3359 est,
723 3268 768 3336 ut
801 3265 876 3337 nisi
907 3265 1036 3336 nativa
1067 3260 1298 3360 syllabarum
1330 3265 1538 3360 quantitate
1571 3262 1742 3362 neglecta
1765 3263 1867 3337 nullo
1892 3261 2004 3336 modo

411 3376 592 3477 dactylico
616 3386 737 3454 metro
762 3379 900 3455 includi
921 3383 1050 3486 possit.
1099 3378 1210 3471 Quod
1234 3387 1363 3453 autern
1387 3380 1558 3454 licentiae
1584 3383 1624 3454 in
1648 3382 1810 3454 carmine
1837 3379 1892 3453 111
1917 3383 1953 3478 4,
1978 3383 2001 3454 9

901 3529 957 3598 Me
977 3528 1146 3615 fabulosae
1175 3527 1304 3597 Volture
1326 3533 1364 3597 in
1386 3527 1496 3613 Apulo

898 3635 1038 3703 Adrtcis
1059 3640 1156 3703 cntra
1178 3635 1277 3703 limen
1299 3633 1445 3720 Apuliae

408 3785 608 3862 Horatium
634 3787 706 3862 sibi
732 3787 945 3885 sumpsisse
971 3791 1116 3882 putant,
1141 3784 1177 3858 id
1202 3788 1240 3858 in
1266 3782 1503 3860 sermonibus
1530 3791 1568 3856 ct
1587 3789 1625 3858 in
1643 3788 1790 3859 nomine
1815 3788 1888 3860 viri
1909 3810 2001 3861 con-

408 3904 544 3979 sularis
563 3927 610 3977 ne
630 3906 657 3977 ii
678 3903 830 4002 quidem
850 3901 1001 3997 ferrent,
1027 3905 1092 4000 qui
1112 3902 1175 3976 illo
1192 3903 1273 3977 loco
1290 3901 1403 3976 fidem
1425 3901 1595 3977 codicum
1617 3905 1736 4001 sequi,
1762 3927 1876 4002 quam
1896 3907 2001 3978 viro-

405 4045 494 4096 rum
520 4020 715 4096 dootorum
742 4023 973 4096 coniecturas
998 4020 1157 4119 probare
1181 4022 1336 4095 malunt.
1383 4020 1550 4095 Minores
1578 4019 1816 4096 difficultates
1839 4021 2001 4120 praebc-

406 4139 502 4216 bant
524 4141 674 4214 nomina
699 4138 896 4214 consulum
921 4141 1009 4212 anni
1041 4141 1233 4236 sequentis
1261 4135 1453 4214 Saturnini
1487 4146 1525 4213 et
1548 4139 1734 4236 Lucretii,
1766 4137 1834 4214 sed
1865 4142 2002 4216 aetatis

407 4281 529 4334 annus
552 4274 648 4334 xcvi
672 4279 742 4330 nec
766 4257 806 4330 in
831 4255 926 4332 duas
951 4261 1079 4356 partes
1104 4257 1297 4332 commode
1328 4257 1443 4333 dividi
1476 4281 1546 4331 nec
1576 4257 1783 4334 lustrorum
1814 4262 2003 4333 notatione

406 4376 570 4474 exprimi
595 4379 752 4473 poterat
802 4373 912 4466 Quae
937 4399 1025 4448 cum
1050 4378 1105 4448 ita
1130 4378 1226 4474 sint,
1257 4377 1442 4474 angustiis
1467 4379 1660 4450 nominum
1686 4375 1937 4448 numeralium
1962 4383 2001 4450 ct

405 4495 652 4591 propriorum,
678 4514 776 4591 quae
801 4499 846 4567 ut
869 4498 1077 4566 metrorum
1101 4491 1248 4590 legibus
1274 4491 1597 4566 accommodarent
1623 4491 1684 4565 vel
1710 4493 2000 4590 optimipoetae

405 4607 453 4683 ab
487 4610 697 4686 artificiosis
731 4609 966 4685 adminiculis
1004 4609 1066 4682 vel
1097 4609 1245 4684 insolita
1281 4608 1425 4685 dicendi
1449 4613 1594 4685 ratione
1617 4607 1691 4683 non
1716 4607 2002 4710 abhorruerunt,

405 4725 606 4802 Horatium
638 4751 788 4828 quoque
819 4728 1057 4829 compulsum
1091 4751 1177 4802 esse
1211 4727 1351 4826 iudico,
1385 4735 1429 4802 ut
1462 4753 1537 4828 quo
1562 4735 1731 4827 tempore
1757 4727 1999 4826 epistolarum

341 4850 371 4910 *l
403 4845 543 4920 librum
569 4850 735 4946 primum
759 4851 951 4947 scripserit
975 4850 1097 4948 magis
1120 4847 1353 4922 adumbrarit
1379 4871 1495 4946 quam
1519 4846 1738 4921 definiverit
2116 4938 2118 4944 ἶ

528 4963 588 5038 Eo
606 4966 683 5038 iam
704 4964 909 5065 disputatio
932 4964 1093 5040 deducta
1117 4969 1188 5063 eet,
1212 4971 1256 5038 ut
1279 4967 1599 5063 operaepretium
1621 4965 1671 5037 sit
1691 4985 1883 5060 quaerere,
1906 4985 2000 5038 num

406 5106 503 5182 quae
530 5087 746 5181 temporum
770 5082 905 5158 indicia
928 5083 1072 5159 lateant
1095 5085 1134 5157 in
1161 5083 1329 5182 epistolis
1354 5085 1469 5182 ipsis,
1493 5080 1630 5179 quibus
1654 5103 1768 5154 unam
1793 5081 2000 5154 alteramve

401 5205 490 5300 post
512 5223 683 5275 mensem
701 5199 959 5276 Novembrem
981 5204 1069 5275 anni
1086 5199 1224 5301 calbo
1247 5203 1427 5299 scriptam
1450 5223 1537 5276 esse
1559 5197 1731 5297 colligere
1752 5196 1860 5274 nobis
1879 5198 2000 5279 liceat.

402 5318 532 5418 Atque
555 5339 653 5417 quae
677 5317 716 5390 in
741 5316 900 5416 epistola
924 5331 983 5389 x11
1008 5324 1181 5391 extrema
1204 5316 1384 5414 legimus:
