4914 6454
787 1656 1062 1769 Fastomm
1098 1652 1506 1766 Horatianorum
1543 1651 1791 1800 epierisis.

614 2135 758 2208 Horatii
794 2137 957 2208 carmina
990 2157 1065 2231 quo
1092 2131 1266 2230 quodque
1291 2139 1461 2230 tempore
1488 2134 1696 2230 composita
1720 2133 1795 2206 sint
1820 2131 1973 2204 novisse
1999 2128 2087 2202 clun

488 2248 693 2346 plurimum
726 2248 883 2346 referat,
917 2256 961 2323 ut
993 2253 1030 2322 et
1059 2253 1172 2350 poete
1198 2246 1287 2344 quid
1312 2249 1470 2348 singulis
1496 2249 1587 2324 locis
1613 2249 1882 2347 significaverit
1908 2251 1946 2319 et
1971 2271 2085 2344 quam

488 2368 590 2439 viam
613 2369 653 2439 in
677 2372 758 2438 arte
785 2388 855 2438 sua
879 2363 1121 2463 perpolienda
1147 2386 1371 2461 permensus
1399 2369 1574 2441 sitrecte
1601 2368 1867 2462 aestimemus,
1891 2366 1964 2437 viri
1991 2362 2089 2438 docti

487 2487 563 2557 iam
597 2482 740 2558 decimo
773 2487 934 2582 septimo
971 2484 1121 2559 saeculo
1159 2483 1393 2581 temporibus
1431 2488 1638 2559 carminum
1677 2481 1897 2556 deliniendis
1934 2505 2088 2580 operam

487 2624 627 2674 navare
653 2607 871 2700 coeperunt,
901 2626 976 2699 qua
1000 2603 1038 2674 in
1063 2625 1105 2674 re
1131 2599 1360 2700 exploranda
1384 2601 1490 2675 facile
1516 2601 1680 2700 palmam
1706 2603 1845 2673 meruit
1870 2599 1895 2674 J
1905 2622 2087 2674 oannes

487 2717 775 2816 Messenius,
806 2721 931 2817 quiin
957 2717 1048 2791 Vita
1072 2715 1116 2808 Q.
1140 2715 1287 2790 Horatii
1311 2715 1438 2789 Flacci
1469 2715 1594 2790 ordine
1620 2716 1878 2816 chronologico
1905 2715 2089 2790 delineata

488 2836 704 2926 doctissime
723 2841 1015 2934 acutissimeque
1034 2858 1185 2909 omnem
1205 2836 1302 2908 hanc
1325 2837 1584 2932 quaestionem
1603 2837 1848 2932 pertractavit
1866 2839 1904 2908 et
1925 2833 2085 2907 chrono-

486 2956 607 3055 logiae
639 2953 867 3029 Horatianae
897 2953 1142 3028 fundamenta
1172 2957 1260 3026 iecit
1292 2957 1512 3028 certissima.
1564 2952 1640 3028 Sed
1674 2977 1761 3026 oum
1796 2961 1834 3027 et
1867 2952 2085 3026 Massonius

487 3080 526 3147 et
557 3076 621 3172 qui
652 3079 739 3146 ante
773 3094 860 3145 eum
891 3074 929 3144 in
960 3070 1057 3144 hanc
1090 3093 1242 3143 arenam
1277 3070 1565 3167 descenderant,
1606 3069 1696 3144 'Pan
1734 3069 1859 3144 Faber
1892 3071 2086 3148 Rodellius

485 3193 687 3288 Dacerius,
717 3193 755 3262 in
790 3189 1022 3288 singulorum
1057 3191 1266 3262 carminum
1297 3189 1531 3288 temporibus
1560 3187 1799 3286 explorandis
1826 3189 2087 3288 desudassent,

485 3307 760 3385 Richardus
781 3307 1038 3380 Bentleius
1058 3308 1319 3404 quaestionem
1341 3311 1393 3380 ita
1410 3309 1536 3404 potius
1554 3306 1824 3380 instituendam
1849 3287 1935 3382 esse
1953 3306 2088 3408 docuit,
2145 3397 2150 3406 ⁸

485 3433 529 3502 ut
553 3426 600 3500 ab
627 3425 861 3524 temporibus
883 3450 956 3499 non
973 3427 1182 3498 carminum
1200 3425 1445 3523 singulorum,
1472 3423 1539 3498 sed
1556 3425 1737 3499 librorum
1760 3425 1978 3500 definiendis
1999 3451 2088 3525 pro·

483 3543 727 3622 ficisoendum
759 3566 844 3618 esse
880 3544 1027 3617 diceret
1077 3543 1211 3640 Neque
1237 3545 1318 3641 ipse
1345 3542 1440 3615 hanc
1464 3565 1546 3616 rem
1574 3545 1725 3640 copiosa
1751 3550 1789 3615 et
1814 3545 1923 3641 plena
1949 3543 2082 3642 dispu-

484 3666 626 3738 tatione
639 3661 687 3735 ad
699 3662 919 3735 umbilicum
932 3661 1101 3758 adduxit,
1117 3661 1185 3736 sed
1201 3666 1241 3735 in
1256 3661 1496 3759 praefationis
1518 3664 1703 3759 angustiis
1724 3667 1911 3738 succincte
1931 3669 2086 3762 monuit,

400 3873 404 3880 .
483 3781 685 3855 Horatium
720 3801 936 3852 sermonum
967 3777 1105 3852 librum
1139 3781 1304 3876 primum
1337 3783 1436 3854 intra
1474 3803 1591 3853 annos
1627 3785 1762 3855 aetatis
1803 3800 1901 3856 xxvl
1971 3799 2084 3858 xxvll

483 3917 629 3996 xxvlu,
665 3896 873 3970 secundum
896 3898 1003 3972 annis
1035 3911 1133 3968 xxx1
1205 3911 1318 3968 xxxn
1389 3913 1537 3992 xxxin,
1570 3896 1703 3971 deinde
1730 3897 1868 3996 epodos
1896 3924 1927 3972 a
1958 3915 2086 3973 XXXIV

485 4023 522 4090 et
555 4035 681 4115 XXXV,
715 4023 799 4090 turn
832 4015 990 4090 odarum
1006 4014 1034 4110 ¹)
1068 4014 1205 4089 librum
1242 4018 1407 4112 primum
1442 4039 1473 4086 a
1507 4031 1632 4088 xxxvl
1706 4033 1845 4089 mvn
1916 4031 2082 4110 xxxvnl,

484 4133 692 4210 seeundum
715 4158 748 4206 a.
771 4151 822 4206 XL
893 4144 977 4230 xm,
1001 4136 1155 4205 tertium
1184 4156 1217 4210 a.
1241 4148 1324 4204 XLII
1395 4131 1622 4228 xu111,inde
1649 4133 1892 4230 epistolarum
1919 4133 2084 4234 primum

483 4277 514 4326 a
539 4270 634 4327 XLVI
704 4268 829 4348 XLVII,
855 4257 938 4323 tum
959 4248 1116 4323 odarum
1134 4249 1273 4322 librum
1294 4257 1472 4346 quartum
1495 4257 1533 4322 et
1553 4273 1704 4323 carmen
1728 4249 1920 4325 saeculare
1938 4273 1971 4320 a.
1990 4263 2084 4318 xnlx

483 4389 507 4444 Ι,
577 4389 634 4468 LI,
668 4376 858 4468 postremo
892 4373 1012 4442 artem
1043 4372 1229 4466 poeticam
1264 4375 1302 4440 et
1337 4370 1583 4466 epistolarum
1614 4369 1752 4442 librum
1785 4367 1946 4440 alterum
1979 4365 2085 4436 annis

483 4491 636 4561 incertis
659 4491 936 4588 conscripsisse.
983 4486 1066 4560 Hac
1098 4491 1136 4559 in
1169 4493 1383 4584 temporum
1412 4485 1625 4561 definitione
1653 4509 1884 4585 quamquem
1909 4483 2085 4558 nonnulla

481 4629 617 4704 parum
643 4613 751 4679 caute
778 4612 923 4681 statuta
949 4613 987 4678 et
1009 4603 1194 4679 Messenii
1219 4607 1394 4701 rationes,
1419 4605 1540 4678 multo
1566 4605 1650 4678 illae
1677 4603 1830 4701 quidem
1856 4602 2082 4699 subtiliores,

482 4726 668 4798 immerito
693 4722 886 4821 neglectae
913 4729 1017 4820 sunt,
1043 4727 1171 4795 tamen
1196 4747 1386 4797 summam
1411 4725 1466 4797 rei
1491 4749 1514 4796 a
1539 4727 1620 4796 viro
1647 4725 1839 4820 ingenioso
1868 4727 1969 4794 recte
1996 4743 2086 4818 per-

484 4845 652 4940 spectam
676 4863 762 4914 esse
787 4865 917 4916 omnes
943 4843 1191 4916 consentiunt.
1242 4841 1395 4916 Etenim
1430 4849 1468 4914 et
1501 4847 1587 4938 post
1624 4843 1826 4927 satirarum
1850 4839 1964 4913 libros
1992 4835 2086 4910 duos

484 4961 713 5057 conscriptos
731 4957 931 5033 Horatium
956 4959 1167 5033 iamborum
1185 4962 1349 5032 carmina
1365 4962 1403 5032 in
1427 4959 1551 5032 lucem
1582 4955 1755 5058 edidisse,
1781 4965 1820 5032 et
1845 4955 2088 5054 epistolarum

590 5223 617 5290 1)
643 5221 807 5278 carminum
831 5221 937 5276 librum
962 5221 1035 5276 dixit
1055 5221 1204 5277 Bentleius
1232 5226 1262 5276 ot
1285 5221 1415 5276 codicum
1440 5219 1525 5276 fidem
1550 5225 1580 5276 et
1605 5219 1859 5292 grammaticorum
1879 5216 2084 5274 auctoritatam

485 5319 610 5382 secutus,
628 5327 681 5366 nos
696 5311 813 5366 Martini
834 5308 946 5364 Hertzii
966 5311 1127 5380 exemplum
1147 5309 1247 5380 secuti,
1267 5324 1303 5365 ne
1322 5325 1370 5365 ros
1389 5309 1526 5365 divorsae
1547 5309 1802 5378 confunderentur,
1822 5307 1979 5364 carminum
1998 5319 2085 5359 voca·

483 5400 552 5457 bulo
570 5400 704 5456 latiorem
722 5399 784 5454 vim
801 5397 844 5453 ita
861 5397 1029 5468 tribuimus,
1048 5403 1080 5452 ut
1096 5398 1191 5467 lyrica
1208 5397 1335 5453 earmina
1353 5413 1461 5468 graeco
1479 5398 1626 5454 vocabulo
1646 5398 1770 5455 odarum
1788 5395 2027 5468 significaremus.
