4914 6454
1933 914 1980 993 19

388 1092 426 1190 (Ι
454 1093 512 1189 12,
537 1092 605 1190 36)
633 1075 844 1192 provocem
892 1091 1046 1166 Etenim
1071 1114 1119 1164 ne
1144 1090 1236 1164 mihi
1261 1089 1413 1189 quidem
1436 1089 1528 1166 illud
1552 1097 1791 1190 praeconium
1813 1093 1978 1194 Catonis,

386 1210 622 1286 infestissimi
645 1209 736 1284 Julii
762 1208 936 1287 Caesaris
962 1212 1112 1307 inimici,
1136 1211 1175 1281 in
1200 1211 1363 1282 carmine
1388 1206 1543 1283 Caesari
1568 1207 1774 1285 Octaviano
1798 1215 1916 1287 misso
1942 1221 1982 1290 et

385 1331 425 1401 in
448 1327 695 1426 praedicanda
720 1327 822 1402 Julia
846 1335 959 1428 gente
983 1332 1170 1424 versante,
1193 1324 1391 1400 ferendum
1417 1324 1535 1399 videri
1562 1331 1600 1398 et
1622 1327 1834 1402 Bentleium
1860 1331 1981 1403 inter-

387 1445 573 1544 polatione
602 1446 676 1519 ista
710 1445 873 1521 rhetoris
906 1449 1032 1522 neseio
1067 1447 1176 1518 cuius
1208 1447 1326 1516 eiecta
1359 1448 1397 1515 et
1429 1443 1587 1517 lectione
1623 1468 1712 1520 onae
1743 1451 1838 1521 Carti
1868 1451 1981 1526 nobile

388 1570 489 1638 letam
521 1569 697 1637 revocata
731 1571 864 1662 poetae
896 1567 1098 1663 genuinam
1131 1587 1284 1636 manum
1318 1564 1532 1638 restituisse
1569 1564 1640 1638 alio
1666 1565 1747 1641 loco
1761 1565 1790 1663 ¹)
1816 1565 1981 1664 probavi

390 1676 467 1755 Sed
492 1679 586 1756 duas
613 1705 675 1756 res
702 1705 852 1757 mecum
876 1689 1031 1782 reputes
1057 1682 1189 1755 velim:
1213 1684 1377 1779 primum
1401 1681 1606 1778 plurimum
1632 1684 1827 1781 interesse,
1851 1691 1981 1758 utrum

387 1798 572 1872 Murenae
597 1799 837 1875 honorificam
863 1803 1089 1874 mentionem
1114 1801 1278 1872 carmine
1304 1803 1390 1897 post
1414 1801 1727 1896 conspirationem
1747 1804 1829 1876 eius
1851 1800 1980 1876 detec-

387 1927 468 1990 tam
495 1920 634 2016 scripto
659 1919 841 1993 Horatius
864 1918 1014 2016 fecerit,
1047 1942 1094 1991 an
1121 1919 1285 1991 carmina
1311 1915 1453 1990 dudum
1480 1921 1686 2016 composita
1710 1924 1748 1992 et
1772 1923 1810 1992 in
1833 1920 1980 1996 circulis

388 2037 596 2109 amicorum
621 2037 839 2110 circumlata
866 2061 916 2110 ex
943 2036 1087 2134 sylloge
1112 2038 1319 2109 carminum
1344 2059 1418 2108 non
1444 2035 1660 2134 secluserit,
1693 2040 1798 2135 prius
1825 2041 1982 2116 enimsi

388 2155 650 2250 commisisset,
681 2152 936 2252 impudentiae
971 2159 1009 2226 et
1038 2154 1215 2226 vesaniae
1240 2154 1278 2223 in
1302 2153 1442 2225 crimen
1467 2157 1601 2227 merito
1627 2176 1715 2227 eum
1740 2159 1982 2231 incursurum

387 2269 526 2367 luisse,
544 2269 717 2350 ,alterum
753 2275 786 2345 si
816 2273 939 2346 facere
966 2271 1195 2369 dubitasset,
1229 2293 1277 2344 ne
1302 2273 1424 2370 turpis
1450 2275 1714 2348 assentationis
1740 2274 1982 2372 obiectasque

389 2389 611 2462 humilitatis
650 2391 906 2487 incusaretur,
947 2414 991 2466 eo
1032 2393 1153 2488 magis
1197 2391 1230 2464 ei
1269 2387 1478 2464 verendum
1510 2390 1649 2488 fuisse,
1690 2415 1763 2489 quo
1802 2396 1982 2468 maiorem

388 2511 595 2582 amicorum
618 2507 794 2608 plausum
819 2511 982 2583 carmina
1006 2511 1217 2582 tersissima
1241 2507 1428 2582 tulissent.
1478 2506 1623 2581 Deinde
1651 2507 1810 2584 duorum
1833 2511 1984 2586 illorum

388 2628 596 2698 carminum
630 2627 790 2700 colorem
827 2650 914 2701 eum
949 2648 1034 2701 esse
1068 2633 1243 2725 reputes,
1278 2631 1321 2698 ut
1352 2624 1640 2700 inverecundiae
1675 2634 1714 2700 et
1746 2631 1981 2726 procacitatis

388 2742 528 2816 nullam
554 2745 719 2842 speciem
744 2767 834 2843 prae
858 2768 900 2819 se
925 2746 1066 2844 ferant,
1101 2745 1217 2818 altero
1244 2745 1343 2816 enim
1368 2740 1425 2816 ΠΙ
1453 2743 1499 2819 19
1525 2741 1686 2818 bacchini
1709 2744 1847 2819 furoris
1872 2747 1982 2844 pleno

388 2861 551 2934 convivii
588 2860 782 2959 profusam
816 2862 1003 2935 licentiam
1038 2884 1259 2959 graecorum
1299 2859 1623 2959 dithyramborum
1661 2885 1764 2937 more
1801 2866 1855 2936 ita
1892 2864 1981 2938 illu-

388 2981 518 3076 strari,
558 2987 602 3052 ut
634 2983 800 3054 Murenae
830 2987 970 3072 caparis
1004 2979 1121 3052 honos
1156 2976 1340 3052 secundas
1376 2983 1443 3050 aut
1477 2979 1611 3052 tertias
1644 2984 1771 3076 partes
1804 2980 1980 3078 obtineat,

387 3095 505 3168 altero
536 3117 627 3169 vero
663 3094 717 3168 llI
751 3098 799 3169 10
832 3118 990 3168 auream
1016 3092 1313 3168 mediocritatem
1346 3099 1426 3168 tam
1462 3095 1650 3193 praeclare
1687 3095 1831 3171 laudari
1867 3105 1981 3196 atque

388 3211 657 3312 commendari,
692 3218 736 3286 ut
769 3223 969 3312 praecepta
993 3215 1272 3311 sapientissima
1295 3237 1369 3288 non
1395 3221 1474 3287 tem
1499 3213 1548 3287 ad
1572 3214 1760 3288 Licinium
1793 3238 1906 3313 quam
1932 3213 1981 3289 ad

393 3355 523 3406 omnes
546 3331 718 3407 homines
744 3336 929 3430 pertinere
952 3331 1160 3406 videantur.
1203 3331 1313 3424 Quae
1338 3355 1427 3407 cum
1452 3335 1504 3406 ita
1529 3335 1615 3428 sint,
1641 3335 1674 3406 si
1702 3335 1741 3406 in
1771 3357 1846 3407 una
1874 3339 1981 3432 parte

387 3452 550 3522 trutinae
576 3449 709 3523 Licinii
734 3450 918 3525 Murenae
944 3453 1143 3525 mentionis
1170 3474 1243 3525 non
1269 3448 1456 3523 devitatae
1483 3449 1783 3548 imprudentiam,
1808 3453 1847 3524 in
1864 3452 1983 3526 altera

388 3573 562 3640 veterum
584 3571 810 3668 scriptorum
831 3567 944 3642 fidem
965 3576 1003 3643 et
1025 3572 1148 3644 iustae
1168 3569 1485 3667 interpretationis
1507 3571 1773 3642 necessitatem
1797 3573 1982 3668 posueris,

387 3691 426 3757 te
448 3687 575 3782 potius
597 3693 685 3783 post
698 3685 856 3786 Vergilii
880 3690 952 3761 iter
967 3688 1137 3763 Atticum
1162 3692 1337 3784 paratum
1356 3709 1469 3783 quam
1491 3691 1578 3759 ante
1598 3683 1782 3761 Murenae
1807 3689 1982 3762 coniura-

389 3804 530 3876 tionem
555 3802 782 3901 patefactam
807 3827 878 3878 sua
903 3807 1067 3878 carmina
1091 3804 1292 3878 Horatium
1327 3805 1366 3875 in
1390 3802 1515 3876 lucem
1541 3801 1702 3878 edidisse
1727 3804 1981 3882 iudicaturum

387 3941 474 3993 esse
499 3918 649 3994 confido.

515 4275 691 4351 Carmina
713 4277 797 4374 ipsa
822 4277 855 4349 si
882 4281 1110 4374 spectamus,
1134 4274 1333 4351 editionem
1357 4277 1473 4349 trium
1500 4275 1667 4372 priorum
1686 4273 1867 4350 librorum
1883 4300 1980 4351 anno

388 4397 464 4469 734
488 4394 551 4468 vel
577 4395 650 4468 735
675 4393 813 4466 factam
840 4415 925 4467 esse
953 4393 1289 4468 verisimillimum
1315 4397 1383 4472 est.
1424 4390 1589 4466 Tantum
1609 4399 1737 4466 autem
1758 4399 1982 4490 argumenta

390 4537 413 4584 a
438 4512 546 4587 nobis
573 4511 683 4584 allata
713 4510 841 4584 valere
874 4509 968 4584 mihi
1000 4509 1195 4610 videntur,
1228 4517 1272 4584 ut
1303 4533 1351 4583 ne
1385 4512 1419 4585 si
1451 4509 1692 4608 epistolarum
1727 4508 1878 4606 quidem
1909 4511 1986 4634 loci

387 4631 425 4700 in
451 4631 673 4704 contrariam
700 4630 909 4727 opinionem
934 4628 1098 4726 trahant,
1123 4655 1146 4703 a
1170 4631 1361 4729 proposita
1386 4629 1571 4703 sententia
1596 4626 1703 4701 nobis
1728 4625 1980 4703 recedendum

387 4769 474 4821 esse
498 4745 682 4820 videatur.
736 4744 843 4837 Quae
876 4749 976 4820 enim
1002 4745 1183 4822 Horatius
1216 4746 1374 4846 epistola
1398 4748 1510 4820 tertia
1534 4744 1678 4819 decium
1703 4744 1750 4817 de
1774 4745 1980 4820 volumini-

387 4863 459 4938 bus
486 4867 694 4938 carminum
720 4862 874 4939 Caesari
899 4864 1077 4964 Augusto
1109 4863 1322 4964 mittendis,
1357 4863 1642 4962 undevigesimo
1677 4861 1723 4936 de
1755 4887 1826 4938 sua
1858 4849 1980 4937 fidici-

387 4985 445 5057 nis
468 4981 595 5055 Latini
618 4981 730 5055 laude
759 4980 857 5081 dicit,
883 5005 928 5056 ea
953 4985 1101 5058 etiamsi
1126 4981 1173 5057 ad
1201 4980 1400 5056 editionem
1425 4983 1541 5055 trium
1565 4979 1747 5056 librorum
1772 4983 1978 5056 carminum

495 5276 520 5342 1)
540 5274 595 5331 Die
613 5272 779 5330 Verekunst
801 5271 852 5330 des
870 5271 967 5330 Horae
984 5271 1023 5328 im
1040 5270 1143 5330 Liohte
1162 5269 1215 5330 der
1233 5270 1313 5328 alten
1330 5268 1576 5344 Ueberliefemng
1595 5269 1803 5344 [Silanassrbar.
1823 5268 1978 5340 claruays

387 5363 482 5418 Akad.
503 5363 573 5418 1868
591 5361 619 5420 S.
639 5362 673 5417 41
692 5363 775 5418 Anu.
798 5363 850 5433 17.]
1722 5446 1767 5509 3⁸
