4914 6454
376 889 427 966 20

376 1085 515 1162 iactam
539 1081 779 1183 probabiliter
803 1081 1029 1180 referuntur,
1053 1087 1182 1157 tamen
1204 1085 1259 1158 ita
1283 1105 1432 1184 quoque
1458 1083 1636 1183 explicari
1661 1091 1834 1184 possunt,
1860 1091 1903 1161 ut
1920 1086 1967 1162 ad

377 1204 540 1280 carmina
564 1203 648 1277 sive
673 1200 842 1300 Augusti
873 1199 1066 1276 admonitu
1099 1203 1238 1300 scripta
1268 1205 1351 1276 sive
1381 1205 1587 1278 amicorum
1620 1203 1751 1278 favore
1777 1201 1970 1304 divulgata

375 1327 546 1421 spectare
565 1317 840 1418 perhibeantur.
849 1316 878 1415 ¹)
919 1313 995 1393 Sed
1020 1341 1107 1393 cum
1134 1341 1230 1419 quae
1255 1322 1420 1394 earmina
1446 1359 1491 1374 -
1520 1318 1566 1393 de
1588 1323 1718 1418 paucis
1736 1327 1865 1396 autem
1882 1347 1968 1396 car-

375 1437 540 1514 minibus
557 1438 758 1535 quominus
771 1439 981 1536 cogitemus
995 1440 1035 1512 vi
1047 1437 1221 1513 vocabuli
1233 1438 1469 1513 voluminum
1482 1438 1723 1537 prohibemur
1733 1440 1968 1518 -Horatius

375 1555 552 1654 selegerit
572 1552 825 1652 Augustoque
851 1556 1015 1653 miserit,
1040 1554 1087 1629 ad
1114 1553 1357 1629 divinandum
1383 1553 1640 1630 difficillimum
1665 1561 1726 1658 sit,
1749 1582 1871 1658 neque
1896 1563 1968 1636 nisi

375 1697 527 1751 summa
556 1673 783 1746 necessitate
815 1676 934 1747 coacti
964 1672 1012 1747 ad
1039 1673 1150 1747 aliam
1176 1695 1258 1746 rem
1285 1697 1399 1772 quam
1425 1672 1624 1748 editionem
1650 1679 1764 1750 trium
1787 1677 1967 1754 librorum

375 1793 585 1868 carminum
603 1788 697 1864 duas
720 1789 802 1865 illas
825 1793 1002 1890 epistolas
1021 1792 1161 1865 referre
1180 1791 1356 1890 velimus,
1379 1795 1483 1892 ipsos
1507 1792 1750 1892 epistolarum
1770 1795 1872 1870 locos
1892 1799 1966 1872 iam

376 1910 591 1987 accuratius
619 1909 874 2009 inspiciamus,
906 1935 999 1986 num
1024 1933 1113 1985 cum
1137 1908 1295 1984 odarum
1320 1911 1574 2010 temporibus,
1599 1934 1696 2009 quae
1721 1936 1790 1987 nos
1815 1913 1966 2011 quidem

377 2030 593 2124 statuimus,
618 2025 780 2101 adversa
803 2029 856 2102 illi
878 2029 1000 2104 fronte
1025 2050 1194 2128 pugnare
1220 2026 1427 2102 videantur.

501 2146 630 2244 Atque
655 2142 751 2220 duas
783 2169 845 2220 res
880 2169 930 2220 ex
967 2145 1134 2245 epistolis
1170 2160 1251 2220 x111.
1287 2163 1359 2220 xlx
1393 2163 1450 2220 xx
1483 2151 1663 2246 consequi
1698 2149 1817 2224 videri
1851 2175 1967 2250 supra

376 2266 466 2364 dixi,
491 2269 529 2337 et
554 2263 761 2336 carminum
786 2261 901 2338 libros
926 2269 1004 2337 tres
1031 2267 1118 2335 ante
1144 2261 1388 2361 epistolarum
1413 2261 1550 2338 librum
1576 2267 1740 2363 primurn
1762 2274 1800 2341 ct
1822 2272 1966 2368 episto-

374 2384 497 2458 larum
521 2379 660 2454 librum
685 2381 814 2478 ipsum
837 2387 925 2454 ante
950 2403 1122 2454 mensem
1135 2377 1387 2477 Decembrem
1413 2383 1500 2454 anni
1524 2381 1720 2482 ‘134ltoin
1740 2385 1863 2460 lucem
1884 2387 1966 2462 adi-

372 2509 457 2576 tum
482 2521 577 2574 essa
622 2497 770 2571 Harum
794 2503 922 2572 autem
948 2521 1076 2572 rerum
1103 2499 1195 2572 setis
1221 2499 1403 2571 rationem
1427 2501 1503 2572 iam
1528 2499 1656 2574 haberi
1683 2501 1836 2604 dixeris,
1860 2507 1893 2580 si
1918 2529 1964 2581 ea

377 2645 490 2722 quam
517 2639 633 2714 supra
658 2640 742 2716 pag.
768 2623 791 2692 9
817 2617 975 2716 probavi
999 2619 1142 2691 ratione
1167 2619 1253 2689 anni
1277 2620 1298 2688 'i
1302 2618 1351 2690 34
1382 2641 1498 2691 verno
1536 2624 1705 2719 tempore
1735 2622 1847 2721 paulo
1879 2629 1966 2722 post

374 2766 488 2842 quam
512 2737 702 2836 Vergilius
737 2739 809 2810 iter
835 2736 1007 2812 Atticum
1039 2737 1228 2835 paraverit
1263 2739 1446 2832 earmina,
1480 2737 1658 2834 epistolas
1684 2739 1854 2815 eiusdem
1879 2744 1967 2814 enni

372 2881 503 2934 mense
527 2853 734 2930 Novembri
760 2855 958 2954 evulgatas
985 2877 1071 2928 esse
1095 2854 1349 2926 statuerimus.
1399 2852 1453 2927 At
1469 2878 1540 2928 sex
1562 2862 1759 2954 septemve
1777 2862 1965 2935 mensium

372 2975 612 3054 intervallum
638 2975 734 3046 inter
760 2975 966 3046 carminum
993 2977 1031 3046 et
1056 2972 1297 3070 epistolarum
1328 2970 1509 3046 editiones
1534 2978 1734 3073 angustius
1762 2999 1848 3053 esse
1873 3001 1965 3053 con-

372 3094 476 3193 cedo,
501 3115 615 3191 quam
636 3088 737 3188 quod
756 3112 844 3164 cum
862 3090 977 3165 rebus
998 3093 1037 3164 in
1061 3092 1183 3189 prima
1209 3096 1247 3163 et
1273 3089 1553 3164 undevicesima
1580 3092 1737 3190 epistola
1761 3099 1963 3194 propositis

372 3217 461 3311 apte
495 3206 680 3283 conciliari
712 3211 843 3306 possit
893 3208 962 3284 Illa
986 3207 1154 3307 quidem,
1185 3231 1281 3306 quae
1312 3211 1351 3282 in
1376 3211 1497 3308 prima
1523 3210 1680 3308 epistola
1704 3209 1884 3289 Horatius
1919 3215 1965 3290 de

373 3337 512 3420 antiquo
540 3331 618 3400 ludo
644 3331 682 3399 et
706 3337 837 3400 mutato
861 3337 976 3400 aelate
999 3337 1033 3400 et
1055 3336 1163 3399 mente
1188 3323 1295 3421 dicit,
1334 3349 1379 3400 ea
1404 3349 1451 3399 ne
1478 3324 1668 3400 dialectica
1693 3328 1899 3405 subtilitate
1925 3339 1964 3406 et

374 3446 484 3545 quasi
509 3441 659 3516 calculis
685 3441 861 3518 adhibitis
887 3444 1154 3540 interpreteris,
1181 3440 1312 3516 sedulo
1337 3441 1548 3516 cavendum
1575 3449 1642 3519 est
1680 3445 1834 3521 Etenim
1859 3472 1906 3523 ne
1932 3454 1964 3525 si

374 3567 534 3661 quatuor
560 3559 712 3659 quidem
736 3560 800 3634 vel
825 3563 989 3659 quinque
1014 3584 1197 3634 annorum
1224 3563 1389 3659 spatium
1413 3564 1675 3638 intercessisse
1696 3587 1784 3638 cum
1800 3566 1964 3645 Frankio

372 3681 569 3776 statueris,
605 3677 798 3752 commode
830 3677 1041 3751 Maecenati
1074 3702 1174 3751 nova
1205 3682 1369 3752 carmina
1403 3682 1572 3778 poscenti
1604 3683 1657 3754 ite
1690 3706 1800 3758 suam
1834 3709 1964 3760 socor-

371 3800 471 3876 diam
510 3818 694 3870 exousare
719 3795 900 3870 Horatius
934 3797 1075 3892 potuit,
1112 3801 1157 3868 ut
1187 3820 1260 3870 non
1292 3799 1367 3870 iam
1402 3795 1558 3870 eandem
1593 3795 1664 3870 sibi
1691 3821 1776 3875 esse
1800 3809 1963 3877 aetatem

372 3917 522 3992 diceret.
563 3913 766 3988 Praeterea
787 3936 874 3986 cum
893 3937 936 3987 ea
957 3919 1138 4013 tempora,
1163 3914 1301 4011 quibus
1319 3917 1522 4014 amatoriis,
1545 3939 1641 4012 quae
1662 3921 1811 4017 proprie
1832 3918 1963 3996 ludere

370 4041 505 4135 poetae
525 4030 753 4129 dicebantur,
774 4031 1014 4128 carminibus,
1032 4031 1139 4104 velut
1160 4034 1398 4107 suavissimis
1419 4030 1466 4105 da
1479 4031 1675 4132 Licymnia
1695 4058 1764 4110 seu
1776 4035 1963 4140 Terentia,

477 4295 506 4362 1)
530 4290 594 4347 Hoc
617 4288 681 4346 loeo
704 4303 821 4345 monere
845 4287 931 4344 iuvat
957 4303 993 4346 ne
1018 4289 1169 4347 commode
1194 4289 1310 4362 quidem
1335 4289 1487 4362 epistolam
1512 4291 1630 4348 tertiam
1649 4291 1787 4350 decimam
1806 4308 1881 4351 euno
1900 4296 1961 4366 7³0,

304 4419 318 4454 q
372 4398 429 4455 quo
447 4379 592 4437 Frankius
618 4377 775 4434 carminum
800 4377 955 4434 editionem
979 4377 1087 4434 factam
1113 4394 1177 4436 esee
1202 4383 1316 4450 censet,
1340 4378 1488 4451 adsignari
1506 4395 1600 4452 possa
1636 4380 1718 4438 Licet
1736 4383 1810 4438 enirn
1828 4385 1961 4443 Vinnium

370 4471 466 4543 ipsum
484 4469 524 4526 ad
542 4467 697 4526 caesarem
723 4470 811 4539 poeta
828 4482 886 4524 nou
904 4466 1029 4540 miserit,
1057 4465 1110 4524 sed
1129 4465 1238 4524 festiva
1255 4466 1437 4525 simulatione
1455 4483 1524 4523 usus
1542 4467 1594 4540 sit,
1620 4467 1690 4524 nihil
1707 4473 1804 4528 tamen
1821 4473 1964 4531 attinebat

407 4573 435 4612 m
521 4570 591 4613 ouer

359 4543 407 4615 Qu
453 4557 520 4614 adm
592 4573 607 4614 θ
860 4624 975 4682 Viribus
990 4627 1080 4681 uteris
1093 4641 1146 4696 per
1162 4626 1248 4682 clivos
1260 4627 1383 4698 flumina
1400 4627 1491 4682 laram

371 4734 428 4791 nisi
444 4733 532 4804 longo
551 4733 665 4792 itineris
682 4732 836 4790 intervallo
855 4737 915 4788 turn
933 4733 1070 4804 temporis
1079 4733 1256 4791 Octavianus
1273 4739 1305 4790 et
1313 4732 1452 4790 Horatius
1470 4733 1548 4812 inteq
1563 4747 1595 4788 se
1615 4731 1771 4791 distabant
1798 4733 1865 4792 Jam
1884 4736 1962 4808 quod

374 4821 518 4882 Fraukius
536 4821 659 4879 Orellius
677 4822 726 4878 alii
743 4821 782 4878 eb
800 4836 877 4893 agro
896 4820 1004 4878 Sabino
1024 4820 1177 4878 Horatium
1196 4821 1318 4880 Caesari
1338 4823 1368 4877 in
1388 4821 1462 4879 urbe
1480 4819 1612 4902 versanti
1630 4821 1783 4892 epistolam
1801 4823 1878 4881 illam
1898 4841 1961 4881 cum

373 4911 530 4970 carminum
548 4909 743 4967 voluminibus
761 4914 822 4966 tum
839 4909 964 4966 maxime
982 4908 1066 4966 editis
1084 4909 1196 4968 misisse
1214 4910 1400 4982 arbitrantur,
1418 4908 1450 4965 id
1468 4909 1544 4966 omni
1560 4908 1766 4981 probabilitate
1779 4927 1878 4971 carere
1892 4913 1961 4971 mihi

370 5000 505 5071 videtum
530 4999 639 5058 Romae
663 4999 754 5071 enim,
779 5017 836 5057 non
860 5000 922 5055 ruri
940 4998 1103 5064 Sosiorum,
1133 4999 1182 5072 qui
1205 4999 1318 5056 libellos
1343 4997 1507 5056 exerendos
1530 4998 1747 5054 convolvandos
1772 5001 1962 5072 expoliandos

371 5087 526 5160 curabant,
550 5087 681 5148 fabricae
698 5093 787 5162 etque
805 5088 954 5146 columnae
972 5091 1068 5158 erant;
1093 5086 1169 5145 unde
1192 5075 1281 5144 multo
1307 5092 1386 5145 certe
1409 5091 1455 5143 est
1471 5085 1538 5142 veri
1556 5085 1691 5160 similius,
1716 5087 1755 5144 ab
1774 5092 1846 5148 urbe
1863 5090 1958 5148 Roma

371 5180 489 5248 poetam
507 5174 647 5233 librorum
665 5191 782 5231 suornm
800 5175 955 5233 editionem
974 5179 1118 5232 curantem
1136 5175 1272 5248 Augusto
1298 5173 1377 5230 tores
1401 5173 1531 5231 versanti
1551 5173 1674 5231 nitidum
1692 5178 1839 5248 exemplar
1856 5179 1962 5235 carmi-

370 5279 439 5320 num
456 5263 577 5321 misisse.
612 5261 655 5318 At
671 5260 727 5320 hoo
744 5277 818 5318 auno
837 5261 890 5318 ⁷³4
906 5261 1015 5319 factum
1032 5278 1108 5336 esse,
1126 5263 1180 5320 vix
1197 5269 1304 5335 poetae
1323 5261 1436 5335 fingere
1455 5261 1552 5335 licuit,
1571 5262 1802 5336 quandoquidem
1819 5265 1868 5323 illo
1886 5283 1960 5325 auno

369 5352 535 5425 Augustum
553 5349 627 5408 urbe
645 5351 739 5408 Roma
755 5366 812 5407 non
831 5349 941 5407 aluisse
959 5352 1105 5448 &aelium
1125 5350 1181 5409 lide
1199 5353 1271 5408 attis
1290 5357 1410 5408 constat

1039 5590 1090 5716 ὁ
